2556 5040
224 573 573 649 ursronrcus
620 572 829 647 muron·
970 588 1044 678 'rm

68 703 229 786 poterant,
240 697 278 762 ad
294 698 447 781 antiquum
462 694 560 759 foedus
570 741 580 771 ,
590 695 676 776 cujus
691 713 806 780 tempus
817 693 951 770 abierat,
972 682 1043 781 per-'j

76 795 207 856 tinentes
219 813 228 852 ε
241 791 321 874 leges
335 789 411 853 verb
430 810 496 873 quae
519 789 627 869 judicie
641 806 692 852 aut
707 790 918 872 rempublicam
933 788 1048 872 speum

76 887 148 949 bant
157 883 313 961 ‚israelitis
323 882 437 945 tanrirrn
451 879 617 966 promiffrm
629 898 738 945 terram
748 882 947 946 incolentibus
957 898 1047 946 erant

77 979 164 1040 darae.
179 976 222 1038 Ex
233 977 315 1037 omni
326 975 401 1058 ergb
411 977 532 1059 antiqua
546 973 777 1057 lege,iisloli1m
793 990 932 1038 tenentur
943 972 1048 1037 Chris·

79 1071 172 1142 riani,
187 1088 253 1151 quae
266 1087 362 1131 mores
377 1065 523 1151 lpeiirnr:
538 1087 634 1152 eaque
646 1087 698 1150 per
712 1069 812 1131 omnia
823 1068 856 1130 dt
869 1084 1005 1149 tempora
1014 1068 1047 1131 dt

79 1162 147 1226 loca
158 1160 219 1224 usui
236 1159 324 1235 sunt,
342 1160 410 1223 clrm
429 1162 501 1224 nihil
516 1161 594 1224 aliud
609 1159 665 1223 lint
684 1162 774 1244 quim
784 1159 844 1245 ipsa
858 1178 972 1224 naturae
988 1162 1046 1226 lex.

336 1306 783 1369 TESTIMONIA.

114 1442 233 1497 Adducet
245 1442 369 1494 Dominus
383 1442 458 1512 super
474 1455 500 1495 te
511 1444 613 1511 'gentem
632 1444 664 1494 de
683 1446 840 1511 longinquo,
863 1440 889 1494 δι
906 1443 938 1495 de
962 1456 1049 1498 extre.

83 1516 130 1566 mir
144 1528 214 1565 rerrae
225 1513 314 1564 finibus
330 1548 339 1574 ‚
353 1513 378 1562 in
390 1514 577 1564 limilitudinem
591 1514 677 1576 aquira
689 1517 809 1566 volentis.
822 1514 986 1565 obsideberis
1006 1518 1049 1567 in.

82 1596 121 1635 tre
134 1596 301 1650 porrectum,
328 1582 354 1630 bc
374 1585 493 1634 comedet
507 1582 611 1634 lrufium
626 1585 692 1634 uteri
715 1584 771 1645 rui,
786 1584 813 1633 br
827 1597 914 1635 cernes
939 1584 1050 1636 liliorum

84 1665 182 1703 tuorum
195 1653 220 1702 dr
240 1652 344 1702 filiarum
354 1663 459 1703 marum.
474 1653 525 1702 Nisi
537 1651 700 1715 custodierit,
720 1653 746 1702 δι
760 1652 850 1703 iecerit
862 1653 946 1703 omnia
969 1655 1051 1704 verbe

82 1724 146 1786 legit
161 1721 232 1783 huius
256 1740 261 1768 :
286 1721 388 1784 augebit
402 1721 527 1771 Dominus
547 1725 633 1787 plagae
647 1733 719 1783 ruer,
746 1722 772 1770 δι
786 1723 872 1788 pirges
886 1722 985 1773 seminis
1002 1725 1052 1776 tui.

83 1792 220 1856 Disperger
234 1803 259 1840 te
270 1789 394 1840 Dominus
408 1791 434 1839 iu
448 1806 535 1841 omnes
545 1791 671 1857 populor,
682 1791 695 1840 i
706 1789 846 1842 summitate
858 1802 929 1843 terre
937 1792 1052 1856 usquead

83 1865 206 1910 terminus
231 1859 294 1920 ejur.
317 1860 346 1909 in
360 1861 478 1923 gentibue
490 1875 588 1923 quoque
606 1861 656 1911 inlr
669 1875 721 1910 non
740 1861 862 1923 quiescet.
884 1862 964 1912 Dabit
979 1863 1050 1913 enim

82 1930 130 1978 tibi
142 1930 265 1978 Dominus
279 1943 324 1976 cor
338 1931 477 1995 pavidum,
491 1929 517 1978 bt
540 1930 590 1978 erit
606 1930 655 1979 vire
670 1942 712 1980 tue
724 1927 792 1994 qunti
815 1928 930 1998 pendent
943 1942 1002 1982 unte
1012 1943 1052 1992 te<

82 1998 158 2048 Deur.
177 2014 199 2046 c.
220 1999 258 2049 28.
273 2013 296 2046 ν.
309 2011 351 2057 49.
375 2012 414 2058 ςι.
429 2000 469 2061 58.
485 2010 524 2063 59.
536 2001 579 2057 64.
590 1999 632 2057 65.
646 2001 689 2048 66.

114 2069 183 2118 Ecce
195 2067 351 2130 relinquetur
363 2067 433 2118 robir
445 2068 532 2118 domus
550 2066 627 2117 veiire
637 2067 744 2118 deserta.
757 2066 834 2118 Mun.
853 2081 893 2132 η.
905 2069 949 2131 38⁶

115 2137 192 2188 Videt
206 2140 249 2187 has
260 2150 347 2186 omner
359 2151 460 2203 magnas
472 2136 649 2188 edificationes
664 2138 766 2188 irimen
775 2139 832 2188 dico
843 2139 932 2201 vobit,
945 2139 1050 2192 venient

79 2204 138 2255 dier
152 2205 280 2270 inquibus
294 2220 343 2255 non
355 2208 510 2271 relinquetur
522 2203 586 2275 lapis
605 2203 679 2274 super
691 2209 804 2274 lepidern
816 2208 859 2272 qui
873 2223 924 2258 non
938 2207 1051 2259 destrue.

84 2285 133 2324 tur.
145 2277 224 2324 Marc.
239 2288 274 2331 tr.
295 2291 318 2325 ι.
333 2274 392 2324 Luc.
407 2292 447 2326 ιι.
461 2278 487 2325 6.
769 2279 775 2290 “

118 2344 185 2395 Filio
199 2344 335 2396 Jerusalem
349 2377 357 2404 ,
371 2346 450 2396 nolite
463 2345 524 2396 dere
538 2345 611 2413 super
620 2361 681 2403 me,
698 2344 742 2396 sed
754 2344 883 2412 superror
895 2345 1048 2411 ipsulm,

82 2407 112 2461 81
129 2413 201 2480 super
213 2415 276 2464 iiiior
287 2414 389 2464 vestros.
399 2413 529 2473 Quoniam
541 2430 602 2464 ecce
614 2416 718 2466 uenient
729 2414 799 2476 dier,
812 2417 838 2466 in
849 2414 1049 2479 quiburdicentr

85 2480 169 2535 Reate
184 2484 275 2534 lieriler
288 2517 295 2543 ‚
310 2484 335 2530 δι
354 2494 453 2533 ventres
463 2518 471 2544 ,
483 2485 524 2547 qui
536 2498 586 2533 non
596 2496 736 2549 genuerunt
750 2496 758 2539 ;
772 2484 798 2532 bt
812 2483 888 2535 ubere
902 2519 910 2543 ‚
930 2500 984 2548 que
998 2500 1051 2536 non

87 2553 248 2603 ludaverunt.
258 2552 333 2603 Tunc
343 2551 468 2617 incipient
481 2553 566 2602 dicere
580 2553 707 2602 montibus
721 2568 728 2601 :
741 2553 834 2603 Codice
852 2554 926 2620 super
943 2569 989 2605 nor
1002 2570 1010 2613 ς
1022 2553 1051 2605 bt

86 2624 195 2673 collibus
208 2640 216 2671 .·
235 2624 342 2687 Operite
352 2636 406 2671 nor.
416 2623 477 2671 Luc.
488 2638 509 2670 c.
525 2636 566 2684 rr.
576 2637 598 2669 ν.
616 2623 657 2671 rii.
669 2632 710 2680 29.
724 2636 764 2682 30.

120 2691 159 2741 Ne
172 2692 255 2742 relitir
265 2692 350 2741 dicere
363 2692 428 2742 intra
439 2706 499 2741 uos:
511 2691 611 2741 Prtrem
621 2691 743 2740 habemur
756 2688 893 2740 Abraham
904 2690 972 2741 Dico
980 2691 1051 2745 eoin

84 2760 156 2809 vobit
168 2794 176 2821 ‚
187 2761 401 2827 quoniampotenr
412 2760 446 2813 eli
461 2762 529 2810 Deus
542 2761 574 2810 de
587 2760 713 2829 lapidibus
723 2759 761 2809 ltir
773 2758 887 2810 suscitare
895 2758 959 2810 filios
968 2759 1052 2813 Aon-

85 2829 132 2878 be.
147 2829 223 2878 Mart.
242 2846 264 2878 c.
285 2847 309 2890 r.
322 2846 345 2878 ν.
357 2842 383 2890 9.

120 2899 208 2948 Nolite
218 2897 344 2950 considere
357 2901 383 2949 in
400 2899 483 2949 verbis
499 2899 644 2962 mendacii,
657 2899 791 2948 dicenter:
804 2899 943 2964 Templum
963 2899 1052 2954 Domi-

86 2969 113 3018 ni
127 3001 134 3027 ‚
147 2969 285 3033 Templum
298 2969 403 3020 Domini
416 3004 424 3031 ,
438 2969 576 3036 Templum
597 2970 702 3020 Domini
719 2968 763 3019 ell-
775 2968 862 3021 Jrrem.
876 2985 897 3018 c.
914 2985 937 3031 7.
954 2985 979 3018 ν.
991 2984 1015 3030 4

121 3038 235 3099 Mulier,
248 3040 323 3089 crede
335 3038 396 3090 milri
409 3039 484 3102 ‚quie
499 3039 571 3089 venit
587 3039 666 3099 horr,
690 3038 790 3101 quando
813 3053 894 3102 neque
916 3039 942 3088 in
964 3050 1051 3091 monto

87 3107 138 3156 itoc
151 3141 160 3168 ‚
173 3122 255 3171 neque
268 3109 294 3159 ln
307 3107 488 3176 Hierosolymis
500 3108 639 3159 adorabitis
649 3109 759 3158 Putrem.
781 3105 855 3161 roan.
867 3124 890 3158 c.
903 3125 928 3171 ⁴·
940 3124 964 3157 ν.
978 3124 1019 3160 rt.

257 3352 621 3442 LECTIO
679 3352 894 3441 XLIX.
980 3231 1052 3322 m

210 3493 358 3591 Qualem
400 3494 562 3586 Apostoli
599 3495 707 3561 vitam
757 3493 928 3563 duxerint.

87 3618 165 3773 IN
181 3616 334 3703 Evangelii
352 3619 563 3704 praedicerione
583 3617 768 3681 incredibiles
785 3619 907 3685 labores
926 3620 1050 3707 perpeffi

136 3709 200 3773 sunt
212 3710 356 3794 Apostoll.
373 3711 488 3775 nffidue
510 3713 773 3797 peregrinabantur
792 3758 803 3784 ,
822 3734 982 3798 pauperem
1000 3718 1054 3780 vi·

86 3819 169 3878 tam,
190 3806 291 3868 labore
304 3824 463 3881 manuum,
483 3824 533 3869 aur
547 3804 679 3867 fidelium
699 3805 900 3886 eleemosynis
923 3812 1054 3872 toleren-

90 3912 136 3958 tes
151 3897 205 3979 [a].
224 3898 374 3961 AErumnis
385 3899 539 3982 permultis
550 3899 753 3961 afficiebantur
767 3921 774 3958 :
789 3895 866 3964 t'arne
880 3947 889 3976 ‚
903 3899 967 3975 sui,
980 3901 1057 3986 vigi·

85 3991 142 4064 lii,
158 3990 293 4072 frigore,
308 3990 400 4066 eliu,
416 3988 635 4074 tempestatibus
650 4036 660 4066 ‚
675 3993 830 4054 latronum
853 3995 999 4070 occursu,
1017 4015 1056 4060 ac

85 4086 202 4145 caereris
224 4086 362 4146 itinerum
386 4085 583 4147 incommodis
604 4107 610 4143 :
631 4100 741 4166 praerer
767 4085 879 4167 jejunia
901 4088 1057 4172 plenasque

87 4176 193 4257 sponte
208 4176 348 4260 susceptas
364 4223 374 4252 ‚
391 4196 423 4240 ur
442 4197 553 4259 corpus
568 4179 599 4240 in
617 4174 792 4241 servitutem
815 4181 981 4263 redigerem
995 4228 1004 4256 ‚
1017 4179 1057 4242 fr·

86 4269 256 4354 delibulque
275 4272 410 4353 exemplo
425 4266 514 4334 etiem
528 4269 623 4354 [biri
643 4272 784 4353 gentibus
795 4290 828 4335 ur
844 4274 951 4346 Judaei,
970 4277 986 4336 d
1004 4276 1057 4338 Ju-

93 4385 1043 4416 .-..-....---.......-......-,-,,

120 4434 165 4492 (n)
187 4449 209 4485 r.
229 4436 317 4487 Come.
333 4452 370 4488 rr.
386 4451 408 4488 r.
424 4432 518 4498 rpdc.
554 4434 595 4497 (b)
611 4454 634 4487 r.
651 4432 709 4485 Cor.
727 4450 748 4487 c.
764 4449 788 4499 9.
801 4451 824 4485 ν.
839 4451 880 4504 ²7·
