2556 5040
236 587 600 661 msaoiucvs
647 582 844 657 Mnioii·
980 590 1056 671 ἵξῃ·

336 755 788 822 TESTIMONIA.

112 897 186 951 Deus
201 898 227 948 in
240 896 394 958 adiutorium
403 911 487 946 mecm
500 893 605 946 intende
620 912 627 943 z
644 894 756 947 Domine
776 894 807 943 ad
830 892 998 956 adjuvandum
1012 910 1053 949 me

81 968 183 1021 festina.
195 969 250 1033 Ego
264 964 324 1016 vead
343 980 437 1030 egenus
452 968 477 1014 da
491 980 587 1032 pauper
599 963 652 1015 sum
666 983 673 1014 z
687 967 757 1015 Deua
773 961 861 1025 adjuva
876 980 925 1013 nae.
946 965 1054 1025 Adiutoa

82 1053 155 1088 naeus
168 1073 175 1099 ,
190 1037 216 1086 dc
230 1037 350 1087 liberator
361 1052 430 1084 meus
442 1051 467 1085 es
478 1049 503 1084 tu
516 1054 523 1084 :
536 1035 666 1096 Domine,
678 1049 710 1085 ne
720 1035 834 1085 moreris.
846 1030 887 1096 ΡΥ.
899 1039 942 1095 69.
955 1051 979 1082 v.
991 1052 1014 1085 a.
1026 1039 1053 1090 ⁶.

119 1107 188 1156 Deua
200 1109 224 1156 in
237 1109 337 1155 nomine
349 1118 392 1155 auo
408 1105 500 1155 salvum
514 1121 555 1154 me
569 1101 607 1152 fae
622 1106 667 1153 2&
686 1106 712 1155 in
728 1107 821 1155 virtute
834 1116 876 1152 tua
896 1102 979 1164 iudica
1002 1121 1055 1157 me.

85 1175 156 1310 {Jce
171 1180 239 1226 enim
249 1178 319 1225 Deus
333 1175 420 1235 adjuva
431 1191 472 1224 me
489 1192 495 1224 ε
508 1176 534 1224 dc
546 1176 674 1226 Dominus
692 1175 820 1243 susceptor
832 1174 868 1225 eii
878 1176 967 1224 anime
982 1191 1054 1227 mee.

125 1280 130 1290 .
154 1261 192 1308 ῃ.
207 1263 230 1295 ν.
245 1260 266 1307 ς.
279 1249 303 1295 6,

121 1315 159 1364 nd
178 1327 202 1365 te
217 1316 327 1364 Domine
348 1313 428 1363 levavi
441 1315 550 1364 animam
569 1327 669 1364 meam:
684 1313 754 1364 Deua
766 1328 836 1363 meua
856 1313 882 1363 in
896 1325 922 1364 te
934 1312 1054 1370 confidas
1151 1343 1154 1347 ·

86 1383 309 1434 nonecubescam.
324 1385 380 1432 vias
398 1395 472 1442 tuac,
500 1385 625 1444 Domine,
650 1383 790 1435 demonstra
804 1382 867 1433 mihi
886 1400 893 1432 ς
911 1383 937 1432 dt
954 1382 1055 1439 semina

87 1462 144 1504 euaa
157 1455 238 1503 edoce
253 1469 304 1503 me.
321 1454 409 1516 Dirige
421 1468 460 1502 me
476 1454 501 1501 in
518 1454 625 1503 veritate
636 1464 695 1516 naa,
719 1454 823 1505 &doce
838 1467 878 1502 me
892 1471 899 1502 z
912 1453 968 1516 quia
987 1465 1014 1504 taa
1026 1467 1055 1506 ea

86 1521 159 1573 Deus
172 1524 279 1572 salvator
290 1537 358 1572 meua
367 1556 375 1582 ‚
391 1523 416 1570 δι
431 1534 456 1571 te
466 1521 566 1573 sustinui
580 1523 633 1573 acad
656 1524 708 1573 die.
735 1521 775 1589 ΡΙ.
786 1537 826 1583 ²⁴·
843 1539 863 1572 a.
876 1537 899 1571 a.
912 1535 937 1581 4
954 1536 977 1581 ς.

121 1592 406 1642 Dominuailiuminatio
423 1607 477 1641 mea
489 1631 496 1654 ,
510 1591 536 1641 ὃ(
554 1591 616 1641 salus
628 1607 682 1642 mea
696 1628 704 1653 ,
719 1608 793 1658 quem
817 1592 914 1642 timebo
925 1592 936 1639 i
946 1592 1057 1654 Adiutoe

88 1674 158 1711 meus
169 1661 237 1724 esto,
255 1677 287 1711 ne
308 1662 469 1724 derelinquas
483 1677 539 1721 me,
561 1677 641 1723 neque
655 1662 853 1729 despiciam,
873 1663 943 1711 Deua
964 1660 1057 1714 saluta·

87 1730 122 1781 tia
139 1747 216 1782 meuc.
230 1730 343 1797 Expeda
359 1731 517 1791 Dominum,
537 1733 563 1780 dc
578 1732 685 1782 viriiiter
704 1745 750 1800 age
766 1733 812 1782 :dc
835 1729 995 1782 confortetur
1010 1745 1058 1787 coc

89 1811 177 1863 tuum,
191 1801 225 1849 ¹&
241 1800 329 1850 sustine
346 1801 495 1851 Dominum.
511 1797 549 1862 ΡΙ.
572 1803 610 1850 ιό.
629 1816 649 1849 ι.
662 1819 687 1864 9.
704 1817 744 1857 u.

123 1871 182 1919 Non
206 1867 273 1932 qudd
291 1868 443 1920 sufficientec
465 1870 536 1919 iimus
551 1871 663 1935 cogitare
697 1870 790 1936 aliquid
804 1868 817 1918 d
832 1868 925 1931 nobis,
944 1866 1010 1933 quad
1024 1881 1059 1922 en

87 1940 163 1993 nobie
179 1939 239 1989 :sed
258 1939 405 1990 sufficientia
420 1940 502 1989 nostra
519 1955 550 1989 ex
567 1942 623 1988 Deo
637 1941 680 1989 eii.
696 1955 718 1989 a¹
738 1940 792 1988 Cor.
806 1955 829 1999 ς.
847 1954 869 2000 ς.

122 2010 218 2061 Omnia
231 2012 328 2077 possiam
340 2010 367 2060 in
384 2025 437 2074 eo,
455 2010 498 2077 qni
511 2026 551 2060 ane
565 2008 701 2065 consonat.
715 2005 812 2076 Philip.
829 2023 855 2071 4.
872 2019 910 2069 13.

104 2153 1046 2251 &Q

223 2332 591 2421 LECTIO
658 2336 919 2424 XXXV.
1086 2326 1089 2333 ’

94 2522 99 2529 “
163 2513 297 2614 Quales
313 2520 350 2589 in
367 2513 432 2587 luc
454 2521 527 2588 uita
554 2514 762 2611 Cdra‘sta'unos
779 2519 841 2612 ff
858 2520 984 2589 deceat.

190 2674 348 2739 Samnms
366 2673 498 2740 Christus
521 2675 610 2760 qudm
631 2674 779 2761 perfedos
796 2676 828 2738 in
846 2676 902 2739 hac
919 2676 981 2738 vita
1002 2692 1059 2751 noe

193 2769 277 2833 Deus
289 2771 380 2847 velia,
394 2769 521 2832 ostendit
532 2770 565 2832 dc
579 2770 753 2833 mercedem.
768 2769 838 2831 Non
861 2768 987 2831 terrenis
1000 2767 1060 2829 bo·

95 2864 143 2925 nis
154 2861 293 2948 finiende
305 2861 369 2947 spes
381 2861 491 2925 nostrae
503 2909 512 2938 ‚
525 2883 610 2927 more
626 2863 785 2927 carnalium
798 2861 987 2925 Judaeorum:
1004 2877 1058 2921 ne·

94 2977 155 3039 que
168 2955 215 3019 hic
228 2976 302 3039 opes
318 2957 437 3021 caducae
455 2959 676 3042 congerenda,
690 2956 738 3030 sed
758 2957 904 3041 parandus
924 2956 956 3017 in
976 2953 1059 3018 coeio

10 3106 14 3113 .
94 3050 176 3113 cibus
182 3048 237 3133 [a]
250 3054 296 3111 Va
307 3052 404 3126 uobis,
416 3051 513 3135 inquit
523 3097 533 3127 ,
543 3054 675 3113 divitibus
685 3098 694 3124 ‚
706 3053 771 3132 quia
780 3052 883 3112 hahetis
894 3048 1058 3131 consolatio·

95 3166 152 3204 nun
169 3144 277 3227 uestram
295 3165 303 3205 τ
319 3165 360 3207 uae
371 3147 471 3220 vobis,
489 3148 536 3227 qui
553 3147 646 3207 ridetis
657 3144 707 3230 [b].
718 3144 755 3207 Et
765 3144 871 3208 iterum
884 3165 892 3204 τ
905 3141 1059 3205 contendite

94 3237 192 3296 inarare
199 3241 500 3321 perangusianportonc
513 3236 556 3323 [c]
569 3240 655 3302 :duae
670 3239 750 3301 enim
759 3255 857 3321 portae
869 3234 934 3298 sunt
948 3234 979 3296 da
992 3232 1059 3297 duae

95 3329 156 3389 viae
169 3349 177 3388 ε
191 3330 240 3391 via
256 3331 316 3392 iata
330 3349 400 3412 quae
416 3331 497 3392 ducit
508 3331 545 3393 ad
555 3331 773 3413 perditionem,
787 3328 985 3413 quapierique
996 3344 1061 3388 am·

96 3419 199 3482 bolant
209 3440 219 3496 ς
230 3423 279 3486 via
288 3420 409 3506 angusta
424 3440 492 3505 quae
508 3423 588 3486 ducit
601 3422 639 3486 ad
653 3422 747 3485 vitam
760 3430 866 3504 ‚quam
880 3420 965 3503 pauci
978 3420 1061 3481 inve·

98 3513 192 3574 niunt.
208 3513 274 3595 Qui
292 3511 440 3578 Christum
454 3517 485 3578 in
499 3516 548 3578 via
566 3517 621 3578 hac
638 3512 758 3599 angusta
770 3513 850 3597 sequi
866 3513 949 3586 vult,
960 3511 1060 3574 omni·

96 3605 153 3667 bus
165 3608 317 3670 renunciet
328 3626 506 3693 crucemque
518 3608 596 3672 suam
611 3608 722 3689 bajulet
736 3604 848 3672 necesse
863 3604 904 3669 est
920 3604 976 3691 [d].
994 3603 1062 3686 Qui

98 3718 156 3761 nos
171 3699 258 3761 abeo
272 3717 409 3766 avertere
421 3719 588 3778 tentarent,
601 3702 843 3785 scandalumque,
854 3701 884 3761 id
896 3699 938 3765 eii
948 3745 957 3774 ,
967 3700 999 3761 in
1011 3698 1062 3761 via

87 3786 308 3856 ‚offendiculum
318 3813 447 3876 ponere:
460 3796 717 3879 eos,quicumque
726 3794 796 3871 ssot,
804 3789 895 3858 odiffe
904 3793 1063 3855 debemus:

98 3886 229 3959 amicos,
245 3905 409 3967 cognatos,
425 3905 560 3971 parentes
574 3930 585 3964 ,
599 3890 719 3963 virum,
734 3907 858 3951 uxorem
876 3885 927 3970 [e].
939 3883 1064 3948 Annin-

99 3977 195 4039 denda
209 3998 312 4040 manus
328 3978 484 4054 denara,s1
497 3977 724 4043 offendiculofit
737 3981 789 4066 (f)
803 4002 810 4040 :
824 3980 972 4042 eruendus
989 3997 1063 4040 ocu·

97 4071 142 4133 lus
156 4072 257 4133 dexter
273 4094 278 4130 :
294 4070 393 4147 idest,
409 4069 548 4137 cariffima
559 4092 683 4159 queque
695 4075 727 4137 vi
739 4074 904 4155 abjicienda
919 4092 993 4134 :nos
1011 4072 1063 4134 de·

129 4321 172 4385 (α)
188 4321 263 4370 Mun.
282 4340 302 4370 c.
317 4326 340 4372 6.
360 4339 386 4374 ν.
400 4337 438 4385 ι9.
454 4340 495 4376 ao.
509 4325 548 4389 (i)
568 4323 625 4375 duc.
638 4328 733 4378 c.6.v.
747 4341 788 4388 24.
804 4342 844 4392 ις.

136 4395 162 4450 (c
171 4389 182 4449 )
195 4392 264 4442 Mun
291 4408 312 4443 c.
330 4409 352 4454 7.
369 4409 391 4442 v.
413 4410 451 4457 ις.
466 4410 504 4456 ¹⁴·
521 4396 563 4457 (d)
580 4396 639 4448 Luc.
653 4411 676 4447 c.
690 4412 729 4458 ac.
748 4413 773 4446 ν.
786 4412 826 4462 ²⁷·
847 4412 887 4462 η.

135 4460 172 4529 (c)
191 4461 269 4516 Muta.
282 4478 304 4517 c.
320 4479 360 4520 10.
372 4480 395 4519 ν.
410 4479 451 4532 η.
480 4462 534 4535 (f)
546 4463 640 4521 aude.
655 4480 680 4532 ς.
692 4481 717 4519 ν.
732 4479 772 4532 ao.

718 4535 928 4635 *ocu
