2572 4958
364 843 735 931 sucuro
803 846 1140 962 xnvrrr..

445 1017 503 1086 De
519 1019 837 1116 Hierosolymiruno
870 1021 1014 1091 excidio.

248 1174 260 1211 '¹
331 1175 427 1238 Nuts
440 1175 477 1238 ab
494 1173 673 1239 Ascenstone
684 1175 792 1239 Christi
803 1175 865 1238 sere
878 1176 1066 1260 quadraginta
1079 1177 1216 1256 ‚Jerus22

110 1259 113 1269 ¹
205 1318 208 1335 ‚
333 1271 391 1331 lern
403 1313 413 1342 ‚
426 1285 460 1330 ut
472 1269 644 1352 praedixerat
654 1314 663 1343 ‚
672 1268 766 1332 excisa
777 1269 829 1331 est.
841 1270 1034 1333 Rebelldrunt
1051 1271 1081 1331 in
1094 1270 1211 1334 Roma-

250 1360 310 1425 nos
322 1363 432 1437 hidrei,
449 1381 488 1424 eo
504 1364 628 1436 colore,
645 1363 724 1444 qudd
738 1361 799 1423 Dei
819 1363 946 1446 populus
956 1359 1048 1426 essent
1059 1361 1212 1425 Gentibus

252 1453 363 1518 servire
376 1454 512 1537 indignus
526 1454 580 1542 [a].
592 1454 731 1520 Permulti
740 1456 830 1517 variis
838 1456 912 1518 locis
925 1456 1076 1521 trucidati:
1090 1453 1149 1538 ipsa
1158 1456 1213 1517 de·

252 1549 345 1630 nique
366 1546 522 1610 Jerusalem
545 1547 680 1623 obsessa,
702 1550 734 1611 u
758 1546 824 1632 poll
846 1548 1014 1611 diuturnam
1027 1546 1214 1611 obsidionem

253 1658 341 1723 capta
355 1638 374 1701 d
387 1638 462 1704 Tito
476 1640 642 1725 Vespasiani
654 1642 844 1725 imperatoris
857 1639 929 1704 silio.
943 1643 1064 1706 Nullum
1079 1660 1212 1727 unquam

254 1733 384 1801 atrocius
406 1733 513 1797 bellum
534 1733 597 1798 suit.
611 1734 688 1797 Tam
710 1733 787 1797 saeva
803 1735 835 1795 in
858 1725 1010 1798 obsidione
1032 1731 1154 1809 sames,
1177 1738 1225 1797 ut'

216 1851 218 1858 ·
254 1827 340 1890 multi
352 1829 488 1890 carnibus
500 1829 632 1889 humanis
645 1873 654 1903 ‚
668 1845 775 1889 matres
787 1827 876 1889 etiam
890 1828 1017 1912 propriis
1031 1824 1100 1889 filiis
1115 1824 1214 1890 vesce-

129 1924 131 1928 '
255 1939 367 1984 rentur.
380 1920 421 1982 Ed
438 1918 496 1983 und
513 1919 666 1983 obsidione
678 1919 818 1982 undecies
827 1939 951 1984 centena
961 1921 1114 1982 hominum
1124 1920 1217 1983 millia

255 2011 381 2098 periere.
392 2011 542 2076 incensum
560 2012 738 2095 Templum,
750 2013 820 2074 urbs
832 2011 963 2077 funditus
974 2010 1083 2075 eversa.
1093 2011 1141 2075 Sic
1153 2010 1214 2094 jus·

256 2125 305 2168 tus
317 2106 401 2170 Deus
415 2103 546 2168 sutorem
559 2106 589 2166 in
601 2103 767 2168 sceleratam
783 2107 936 2168 civitatem
948 2103 1070 2180 effudit,
1084 2125 1151 2187 quae
1168 2121 1220 2168 tot

259 2197 423 2280 Prophetas
436 2217 471 2260 ac
487 2197 604 2259 demum
618 2195 764 2259 Christum
776 2216 876 2280 regem
895 2219 930 2261 ac
947 2200 1047 2262 Deum
1066 2195 1147 2260 suum
1159 2218 1216 2269 oce

258 2292 392 2364 ciderar;
414 2309 501 2373 quem
520 2291 721 2352 liberatorem
738 2292 789 2372 qui
804 2309 866 2353 non
886 2308 1072 2374 agnoverant
1091 2291 1217 2367 Judaei‚·

259 2382 466 2445 Romanorum
482 2380 557 2445 servi
573 2381 639 2444 sasii
652 2382 945 2467 sunt,patridpuls1,
957 2400 1025 2446 toto
1046 2383 1120 2446 orbe
1138 2383 1217 2447 disii-

260 2477 321 2560 pati
334 2520 344 2549 ,
357 2476 386 2536 in
404 2495 527 2558 eamque
546 2474 713 2538 servitutem
731 2476 981 2560 &contemptum
1002 2476 1137 2553 adduui,
1150 2497 1215 2560 quo

261 2570 299 2631 ab
316 2569 400 2631 annis
418 2570 541 2632 mille&
559 2571 624 2652 plus
640 2567 784 2633 sexcentis
798 2572 813 2601 *
827 2569 933 2648 jacent.
944 2569 1051 2653 Neque
1068 2571 1148 2632 enirn
1165 2587 1219 2633 aut

261 2661 364 2745 pattiae
388 2659 587 2746 possessionem
604 2682 800 2748 recuperate,
823 2681 875 2727 aut
896 2664 1004 2726 inulla
1026 2665 1106 2725 orbis
1130 2679 1217 2745 parte

260 2773 386 2841 regnare
399 2777 525 2840 unquam
539 2774 709 2839 potuerunt.
720 2755 808 2818 Tunc
819 2757 969 2841 impletum
986 2755 1161 2818 Patriarchae
1172 2756 1220 2823 sa·

262 2849 332 2912 ⁴cobi
354 2849 438 2911 tantd
453 2849 522 2912 anti
540 2851 687 2931 prolatum
703 2849 873 2913 vaticinium
896 2897 906 2926 ,
928 2870 990 2912 nott
1009 2845 1183 2913 recessurum
1200 2848 1228 2913 d-

263 2940 341 3004 Juda
352 2941 497 3024 sceptrum
510 2988 519 3017 ‚
533 2942 631 3005 donec
640 2943 756 3004 veniret
771 2944 823 3023 qui
838 2941 980 3005 Gentium
997 2941 1162 3025 expediatio
1175 2940 1222 3003 es·

262 3029 574 3116 set[b].Eodentenim
584 3054 718 3118 tempore
728 3033 949 3097 &coalescebat
968 3029 1096 3117 spiritale
1111 3032 1221 3098 Christi

263 3143 408 3209 regnum,
424 3128 453 3189 in
469 3126 627 3210 omnesque
640 3130 714 3190 orbe
727 3145 795 3190 toto
810 3125 924 3190 Gentes
937 3125 1152 3191 diffundebatur
1161 3147 1171 3202 ;
1189 3127 1222 3190 bt

264 3232 414 3282 terrenum
432 3221 601 3284 Iudaeorum
615 3221 655 3285 ita
668 3219 860 3284 evanescebat
869 3268 878 3295 ,
887 3241 920 3283 ur
933 3221 1069 3304 nusquam
1083 3222 1223 3304 deinceps

264 3311 296 3374 itt
307 3314 476 3396 reipublicae
488 3312 614 3378 sormam
633 3315 762 3377 coierint
801 3313 860 3397 quai
879 3312 1017 3376 hasiensis
1029 3311 1223 3396 perstiterant.

263 3403 394 3488 Liquido
409 3409 495 3470 eriam
513 3409 647 3492 appatuit
661 3426 746 3471 cetto
771 3428 831 3471 oco
853 3428 887 3471 ac
912 3407 993 3473 certi
1012 3423 1099 3488 gente
1116 3425 1227 3474 veram

236 3496 239 3500 ’
265 3496 454 3581 Religionem
470 3519 531 3562 non
544 3500 686 3564 coarsiari
697 3523 705 3561 z
717 3500 783 3564 citm
801 3501 886 3563 Deus
897 3498 1016 3561 cleliam
1029 3497 1046 3559 d
1060 3497 1088 3560 se
1101 3515 1224 3579 gentem

266 3589 299 3652 or
313 3593 462 3654 civitatem
480 3593 591 3656 deleret
604 3639 614 3668 ,
625 3592 777 3675 poslquim
794 3593 904 3654 tamdiit
913 3590 990 3654 stetit
1004 3610 1038 3654 ac
1048 3589 1227 3668 sufficiebat,

265 3703 300 3759 ur
312 3683 398 3766 ipsius
410 3687 440 3746 in
452 3686 587 3748 homines
601 3685 798 3768 providentiae
814 3686 936 3748 evidens
948 3686 1111 3765 exemplum
1131 3680 1202 3746 esset
1214 3729 1225 3758 ,

266 3775 459 3860 dodoresque
476 3779 591 3859 reliquo
608 3795 750 3841 tertarum
771 3781 837 3841 orbi
857 3780 1011 3861 praeberet.
1028 3776 1169 3857 Denique
1182 3776 1228 3838 su«

265 3868 353 3931 blatae
367 3869 483 3953 penitius
498 3891 543 3933 eae
559 3871 659 3954 legum
678 3872 867 3934 ludaicaruni
891 3888 987 3955 partes
1004 3916 1014 3943 ‚
1030 3889 1096 3952 quae
1109 3866 1169 3930 sive
1187 3870 1229 3938 ad

265 3963 452 4026 cerimonias
472 3962 532 4024 sive
549 3964 585 4025 ad
599 3965 809 4053 rempublicam
823 3966 1012 4049 pertinerent.
1025 3958 1135 4023 Everso
1146 3963 1230 4027 enirn

265 4057 396 4140 templo,
407 4076 463 4120 nec
478 4053 621 4136 sacrajam
631 4056 695 4120 steri
705 4103 714 4132 ‚
725 4077 778 4120 nec
794 4058 898 4138 reliqui
913 4059 986 4119 ritus
998 4074 1101 4118 omnes
1114 4051 1229 4120 servari

299 4271 402 4324 suune
418 4267 477 4322 verb
491 4305 498 4330 ,
503 4270 677 4338 septingentis.
691 4271 803 4324 Editorir
816 4272 893 4325 Note.

293 4344 334 4404 (a)
348 4339 437 4405 Euscb·
452 4337 643 4402 ³·l11st·c·r·⁶·
661 4337 705 4393 uc.

299 4411 343 4476 (b)
357 4412 420 4466 Gerr.
431 4427 453 4464 c.
467 4422 511 4475 49.
525 4425 552 4470 ν.
565 4425 603 4466 ιι.
