2556 5040
290 490 647 561 ntsrontcus
693 491 882 560 trason·
1030 514 1093 581 539

132 634 1098 722 ffl====st==2ffl

311 786 349 870 L
381 787 413 869 E
447 787 484 873 C
519 789 559 873 T
593 787 615 868 I
645 788 684 867 Ο
743 782 835 866 LI
867 783 919 869 V.

185 957 313 1026 Des
250 958 313 1051 fias
313 965 404 1028 cinni
417 959 628 1056 usyirlutione
642 1011 654 1052 ,
670 954 842 1048 &sufibus
860 957 1047 1051 reservatis.

136 1114 398 1269 Pintpcra
365 1119 557 1201 poenitentis,
574 1118 740 1182 solemniter
752 1114 942 1178 absolvuntur
951 1133 1099 1198 poenuen

211 1226 252 1270 tes
266 1208 338 1272 sent
352 1214 453 1293 quinti
469 1215 498 1275 in
513 1213 610 1275 Coena
623 1212 747 1274 Domini
768 1206 895 1289 ejusdem
912 1208 1098 1314 quadragesi-

138 1323 212 1375 rnre,
227 1321 274 1364 aut
295 1304 413 1366 alterius
437 1309 504 1366 anni
516 1326 599 1387 ,pro
623 1305 745 1368 definito
776 1302 959 1385 poenirennae
979 1301 1098 1385 singulis

137 1410 272 1475 tempore
284 1395 338 1479 (a).
358 1395 514 1481 Episcopus
534 1398 777 1470 Archidiacono,
795 1393 947 1475 multisque
964 1395 1026 1458 aliis
1041 1414 1097 1459 co-

136 1489 306 1549 mitantibus
323 1489 476 1564 ministris,
498 1492 685 1574 procumbit,
705 1491 733 1551 a
757 1488 864 1570 septem
884 1489 1099 1570 poenitentiales

137 1578 265 1642 Psalmos
275 1601 340 1643 cum
355 1583 474 1646 litaniis
491 1587 610 1647 recitat:
624 1585 743 1645 mittens
756 1582 870 1643 interim
881 1581 925 1640 bis
934 1580 1099 1642 binosSub·

136 1674 296 1747 diaconos,
309 1677 357 1756 qui
373 1675 478 1738 slantes
490 1679 526 1739 ad
545 1677 625 1739 sores
647 1675 780 1738 scelesta
797 1674 975 1757 poenitentes
991 1673 1102 1747 consoq

137 1768 254 1839 lentur,
273 1769 376 1830 deindb
400 1768 569 1833 Diaconum
593 1772 641 1851 qui
667 1789 772 1831 cereos
791 1766 924 1849 accendit
942 1786 1016 1847 quos
1035 1764 1101 1849 ges·

136 1877 209 1921 tant.
230 1859 308 1921 Tum
327 1859 485 1944 Episcopus
503 1865 598 1925 medii
617 1860 738 1924 ecclesii
757 1859 853 1930 seder,
873 1857 983 1921 atlante
1006 1859 1101 1921 Clero

136 1953 207 2015 hinc
224 1956 292 2016 inae
305 1958 462 2017 ordinato:
477 1955 695 2040 procedensque
706 1954 956 2025 Archidiaconus,
968 1973 1034 2013 eum
1047 1952 1101 2014 ad·

136 2065 240 2108 monet
253 2045 347 2111 adesse
365 2066 478 2133 tempus
496 2051 676 2134 acceptabile
689 2069 750 2132 quo
765 2045 889 2108 Ecclesia
901 2063 961 2106 tum
984 2048 1019 2107 de
1030 2047 1102 2128 bap·

136 2140 340 2216 rizandorum,
353 2159 413 2203 tum
421 2145 457 2206 de
467 2145 673 2226 poenitentium
686 2140 882 2205 conversione
892 2139 1025 2202 laeterur:
1036 2138 1103 2200 hos·

138 2251 196 2311 que
213 2235 313 2294 cotim
324 2233 509 2317 prostratos,
523 2236 676 2317 postquim
688 2233 716 2297 se
731 2236 780 2295 din
794 2232 968 2304 afflixerint,
990 2231 1101 2293 miseri·

137 2324 270 2385 cordiam
284 2326 314 2385 ssa
329 2325 475 2408 postulare
489 2327 518 2387 dt
529 2326 652 2408 sperare.
664 2327 801 2388 Procedit
810 2324 968 2407 Episcopus
978 2327 1013 2385 ad
1022 2324 1102 2387 sores

138 2414 292 2492 Ecclesiae,
305 2418 336 2477 nr
347 2419 382 2478 ad
396 2438 450 2480 eos
459 2419 497 2480 de
505 2420 607 2481 divina
623 2420 780 2481 clementia
793 2419 885 2479 verba
898 2417 979 2490 iacit,
997 2417 1102 2494 jubens

137 2511 226 2570 citam
238 2509 449 2573 absolutionem
471 2510 596 2594 sperare.
611 2511 765 2573 Accedens
780 2509 1049 2591 Archipresbyrer‚
1068 2511 1103 2571 δι

137 2601 198 2683 ipse
209 2605 328 2684 prosilis
338 2605 510 2678 intercedit,
522 2602 682 2686 dignosque
693 2602 876 2664 absolutione
887 2599 1102 2665 rennuerunt

138 2693 277 2756 Pontiser
288 2742 297 2770 ,
309 2695 386 2778 quast
394 2699 486 2759 totius
495 2694 872 2779 Ecclesaeprecibusvislus
882 2741 891 2766 ,
903 2715 993 2755 unum
1008 2694 1024 2756 e
1038 2716 1104 2777 poe·

137 2790 299 2852 nitentibus
315 2790 416 2852 dextri
430 2791 529 2874 capit,
547 2789 642 2873 sicque
655 2810 760 2853 omnes
778 2789 919 2850 Fidelium
943 2789 972 2848 in
990 2807 1102 2852 coetum

137 2883 259 2945 inducit.
269 2884 378 2946 Multas
390 2884 497 2946 deinde
510 2883 606 2946 sundit
619 2905 737 2967 preceS,
757 2884 860 2965 quibus
881 2899 961 2964 patet
980 2902 1102 2945 omnem

135 2974 1101 3062 peccatorumspemChrissimeritisniri;eiquepotestate,quam

136 3069 275 3133 ministris
292 3071 368 3144 suis,
390 3072 460 3134 lieet
479 3070 546 3155 ipsrs
569 3092 688 3154 quoque
708 3073 928 3155 peccatoribus,
954 3067 1102 3131 concessit.

135 3161 273 3227 Tandem
282 3162 438 3226 solemnem
449 3163 662 3226 absolutionem
685 3163 851 3246 impertitur
868 3160 1027 3224 Pontifex:
1043 3161 1102 3244 qui

136 3255 298 3339 percepti,
321 3256 526 3337 poenirentium
556 3257 686 3317 habitum
715 3258 890 3337 deponunt,
917 3255 1102 3335 redeuntque

137 3348 322 3420 mundiores,
337 3348 398 3430 qub
415 3346 508 3409 ntrslae
521 3348 551 3409 a
564 3350 684 3430 reliquis
697 3349 821 3421 officiis,
833 3364 865 3408 ut
880 3347 959 3431 prius
972 3345 1104 3410 assistant.

138 3439 183 3500 Ex
199 3443 250 3501 hac
272 3439 392 3502 solemni
413 3459 490 3503 ortae
508 3439 568 3503 sunt
582 3443 782 3504 absolutiones
802 3442 860 3502 illae
874 3462 942 3523 quae
960 3440 990 3500 in
1004 3440 1103 3503 Coena

138 3533 265 3595 Domini
276 3554 327 3615 pet
344 3536 524 3596 cathedrales
536 3555 640 3597 omnes
652 3533 875 3618 paraecialesque
888 3530 1023 3596 ecelesias
1032 3553 1103 3614 pto·

137 3629 309 3688 nuntiantur
319 3649 328 3700 ;
343 3629 450 3710 pieque
460 3648 606 3712 percepta
624 3629 770 3691 nonnihil
786 3629 887 3689 valent
903 3627 939 3688 arl
958 3630 1102 3708 poeniten·

135 3722 165 3778 ‹li
180 3719 301 3799 gratiam
318 3721 561 3803 consequendam.
573 3720 683 3802 Hisque
696 3721 876 3783 cerimoniis
896 3721 925 3781 id
938 3720 1034 3801 agitur
1048 3766 1057 3794 ‚
1069 3739 1102 3783 ut

135 3814 321 3874 atrocitatem
335 3817 465 3896 peccati,
483 3816 725 3896 poenitentiaeque
744 3814 943 3875 difficultatem
963 3813 1041 3875 serib
1054 3835 1103 3875 te·

135 3924 280 3987 putemus.
294 3905 329 3967 Er
343 3909 477 3989 quamvis
491 3905 594 3988 paritm
611 3908 698 3969 hodie
713 3908 916 3990 frequentetur
926 3906 1104 3990 poenitentia

134 4001 268 4080 pubiica3
283 4001 358 4061 inea
373 4020 469 4061 tamen
485 3999 564 4081 quast
574 4002 668 4062 oculis
676 4001 823 4062 cernimus
833 4002 926 4082 qualis
934 3997 1103 4062 essedebeat

134 4114 191 4173 pro
202 4095 386 4171 petitoribus
396 4097 544 4176 peccaris,
564 4094 650 4154 etiam
662 4095 780 4156 occulta
793 4094 968 4176 poenitentia
979 4116 985 4152 :
997 4091 1102 4176 nempe}

135 4187 389 4266 serap-..w‘rsslionem
402 4185 513 4268 semper
524 4186 729 4249 &acerrimam
741 4184 962 4258 esedcberenr
973 4185 1102 4248 siudiosb

132 4306 439 4323 pu...-——--—-

171 4352 215 4410 (a)
231 4348 326 4415 l’ontrs.
345 4350 419 4404 Rota.
436 4349 467 4401 dr
480 4351 673 4406 retorserant.
