2556 5040
298 981 673 1067 LECTIO
770 978 917 1063 LX.

337 1178 394 1247 Dc
408 1177 631 1250 Matrimonii
640 1177 880 1248 Sacramento.

207 1355 328 1419 Binitio
339 1359 438 1419 mundi
451 1356 612 1419 institutum
622 1354 665 1418 eli
678 1354 921 1417 matrimonium:
933 1351 1009 1415 clun
1019 1351 1113 1419 Deus

215 1451 283 1511 viro
297 1448 405 1512 sociam
419 1452 499 1513 dedit
514 1451 665 1512 mulierem
684 1449 748 1528 ejus
766 1450 858 1509 latete
877 1445 1047 1521 eduilam,
1067 1449 1114 1508 di·

126 1565 199 1607 cens
216 1545 290 1605 duos
304 1545 333 1604 in
346 1565 403 1606 una
418 1565 507 1606 carne
522 1542 637 1605 futuros
646 1565 657 1619 3
674 1543 961 1623 foeeunditatemque
975 1541 1118 1623 largiens

127 1638 165 1700 eri
180 1635 402 1709 benediiiione‚
423 1659 489 1719 quae
508 1657 564 1698 nec
583 1658 635 1718 per
652 1638 765 1720 peceati
787 1635 947 1717 originalis
968 1637 1118 1714 culpam,

128 1751 185 1797 uec
197 1751 248 1813 pet
261 1732 363 1793 diluvii
379 1731 486 1792 sublata
504 1729 544 1792 est
560 1751 679 1813 poenam
697 1729 749 1813 [a].
764 1728 877 1790 Verum
892 1729 911 1789 a
926 1725 1118 1789 sanfliffimis

128 1825 311 1888 matrimonii
327 1823 463 1886 institutis
480 1824 570 1906 longit
589 1825 725 1886 homines
746 1823 973 1883 aberraverant.
1001 1822 1117 1903 Neque

130 1919 211 1979 enim
232 1916 324 1979 solinu
341 1937 470 1999 corpora
484 1917 602 2001 flagitiis
620 1917 782 1979 innumeris
799 1915 1119 1988 contaminaverant;

130 2009 179 2074 sed
196 2011 227 2070 &
242 2031 367 2072 uxorum
382 2012 576 2093 pluralitatem
592 2010 785 2084 induxerant,
796 2008 826 2070 δι
842 2010 879 2070 ab
895 2008 1040 2069 invicem
1055 2006 1114 2069 dis·

130 2105 256 2167 cedendi
269 2104 414 2165 licentiam
426 2126 432 2163 :
443 2124 570 2186 eumque
579 2123 694 2164 morem
707 2101 756 2163 sub
766 2104 860 2163 vereri
871 2103 939 2183 lege
950 2100 1047 2164 Deus
1056 2096 1117 2184 ipse

132 2199 286 2259 tolerabat.
307 2195 347 2256 At
365 2195 496 2259 Christus
516 2198 552 2258 ad
571 2197 697 2302 primam
708 2195 923 2256 institutionem
946 2194 1117 2257 Matrimo-

132 2291 216 2351 nium
233 2290 388 2351 revocavit
402 2289 459 2372 [h]:
473 2307 505 2350 ut
523 2288 556 2350 fit
572 2291 658 2352 unius
671 2290 727 2350 viri
745 2310 811 2352 cum
825 2308 883 2350 una
900 2288 1034 2351 muliere
1045 2309 1114 2372 per·

133 2381 163 2443 fe
166 2382 209 2442 ua
223 2381 412 2461 conjunilio
405 2428 415 2458 ,
430 2404 488 2464 qua
503 2384 623 2445 duarum
638 2385 799 2445 animarum
817 2402 908 2443 unum
922 2402 1042 2465 corpus
1054 2378 1114 2444 ell'e

133 2476 293 2549 videatur3
310 2496 395 2557 quam
419 2475 480 2538 sola
504 2497 585 2539 mors
604 2477 731 2540 dirimat
750 2477 837 2538 Hanc
857 2474 1114 2555 conjuniiioaem

135 2567 287 2642 Christus,
304 2569 366 2651 qui>
382 2569 555 2631 sanstiorem
576 2570 723 2643 efficeret,
747 2570 783 2630 ad
804 2569 992 2631 Sacramenti
1013 2569 1113 2651 digni·

135 2677 227 2727 tatem
236 2666 336 2725 evexit
354 2662 393 2752 [r]
404 2685 410 2722 :
422 2663 612 2746 singularibus
624 2664 728 2725 additis
741 2663 873 2736 auxiliis,
890 2678 923 2723 ut
936 2663 1114 2746 conjugalis

137 2776 222 2819 amor
233 2777 302 2818 vera
313 2756 514 2828 charitasliat,
525 2756 679 2838 officiaque
690 2758 790 2819 omnia
803 2773 865 2817 tum
878 2755 1036 2831 invicem,
1049 2774 1116 2818 tum

138 2870 210 2932 erga
234 2851 342 2911 liberos
360 2851 511 2933 conjugati
534 2852 682 2934 impleant.
709 2851 806 2926 Hujus
823 2849 927 2932 gratiae
946 2847 1030 2931 signa
1046 2845 1116 2910 sunt

138 2945 252 3015 verba,
274 2945 378 3024 quibus
403 2946 527 3025 partium
549 2942 704 3006 consensus
721 2941 925 3026 significatur,
947 2941 981 3002 δι
1004 2942 1116 3024 reliqui

139 3035 268 3114 adjunui
283 3039 354 3096 ritus
365 3058 371 3095 ε
383 3035 534 3119 ipsumque
548 3037 771 3099 Matrimonium
785 3036 896 3118 signum
910 3033 953 3095 est
964 3035 995 3095 u
1011 3038 1118 3118 imago

141 3126 349 3212 perieuiffimae
364 3129 471 3191 Christi
488 3152 553 3191 cum
567 3129 692 3192 Ecclesia
707 3128 934 3209 conjunilionis.
959 3129 1039 3191 Sunt
1061 3149 1114 3190 au·

141 3240 202 3286 tem
211 3243 269 3283 tres
279 3222 462 3285 Matrimonii
471 3223 559 3285 lines:
572 3223 1047 3305 primumliberorumprocreatio
1058 3220 1121 3304 [M.

143 3318 193 3397 qui
212 3337 264 3398 per
279 3317 381 3423 Baptis
377 3340 456 3380 ntum
474 3316 545 3378 fiant
563 3319 602 3378 E
589 3316 696 3380 clefiae
712 3315 783 3389 filii,
799 3316 830 3377 δι
843 3313 980 3378 cumDe
975 3337 984 3376 1
1002 3317 1118 3378 timore

143 3410 258 3471 educati
276 3400 311 3471 atl
336 3413 426 3471 vitam
452 3430 592 3473 aeternam
615 3412 808 3493 perveniant:
822 3406 950 3471 secundo
974 3429 1116 3471 mutuum

143 3505 202 3564 vin
194 3504 318 3563 'mulier
322 3504 414 3585 il'que
408 3524 438 3564 tn
452 3505 668 3566 omnibusvitae
679 3504 828 3565 laboribus
837 3491 980 3565 auxilium
993 3502 1047 3586 [ε].
1058 3523 1118 3565 rer-

144 3597 190 3663 tio
203 3550 446 3680 concupiscientiae
460 3600 642 3672 remedium,
657 3618 724 3659 cum
743 3595 833 3658 insuae
847 3596 863 3657 a
882 3613 989 3657 natura
1001 3597 1119 3678 cupidi·

144 3693 197 3751 tati
212 3711 263 3772 per
277 3709 426 3773 peccatum
436 3692 606 3773 depravata
615 3687 748 3752 conccffa
758 3691 879 3751 materia
895 3687 1121 3776 labjicirurffl.

147 3784 339 3864 Quicumque
353 3787 439 3845 alium
454 3783 503 3845 fibi
519 3785 607 3846 finem
623 3786 781 3867 proponit,
792 3785 821 3844 in
835 3782 1022 3844 Matrimonii
1034 3785 1120 3866 leges

146 3897 251 3958 peccat
272 3876 337 3960 [gl
362 3878 602 3940 Contraltondum
624 3878 695 3939 illud
725 3877 766 3939 est
797 3897 835 3938 ex
857 3878 958 3958 legum
978 3878 1121 3939 omnium

148 3969 321 4053 prael'etipto
339 3974 375 4032 ab
394 3971 540 4047 Ecclesia,
560 3990 609 4038 aut
630 3971 647 4033 ai
669 3971 850 4056 Reipublicae
863 3968 1001 4059 Principe
1023 3969 1122 4036 sauci·

850 4190 856 4216 i

185 4250 228 4309 (n)
243 4247 335 4296 sontii.
351 4248 419 4297 Trid.
435 4245 494 4313 Seff.
511 4265 549 4303 24.
568 4250 626 4298 Ceu.
641 4265 662 4295 c.
686 4265 709 4300 Ι.
732 4251 851 4300 v.·28.c·,
870 4261 893 4301 2,
909 4264 932 4299 ν.
955 4247 999 4303 18.

184 4334 360 4400 (unimur
379 4353 417 4395 tr).
419 4349 450 4383 ·.ν
462 4354 477 4393 n
498 4352 508 4397 5
533 4339 576 4398 (
590 4334 716 4401 Eplessc.
730 4353 753 4403 5.
747 4350 788 4384 ..ν
799 4347 841 4396 {a

185 4422 435 4484 (maximiana
456 4423 744 4487 (numanam.
760 4414 1084 4501 mucorem

185 4517 226 4592 (g)
247 4516 309 4571 lob.
331 4530 354 4569 c
371 4518 435 4573 ura.
449 4531 491 4582 η
564 4548 567 4553 -
690 4528 707 4537 ··
