2556 5040
182 546 252 624 '524
430 533 938 603 ennecnrsmus

183 648 216 707 ἃ
232 649 352 722 vinum,
370 647 458 711 obvia
471 647 593 709 maxime
611 667 771 729 corporum
791 651 947 721 alimenta;
967 661 1000 709 ut
1017 644 1151 721 animi

184 740 280 802 cibum
289 740 359 801 illud
373 737 429 801 else
440 741 640 822 intelligamus.
654 740 731 802 Sicut
744 758 840 802 autem
853 740 983 822 quotidie
1002 740 1137 803 vescen-

183 831 274 903 dum,
289 849 320 894 ur
330 830 497 893 deficientes
506 831 647 914 perpetub
660 835 737 894 vires
745 831 912 895 reficiantur
921 854 931 906 ;
941 837 979 892 ita
988 829 1137 914 frequens

183 922 216 982 dr
228 921 347 985 affiduus
361 921 416 985 effe
429 925 513 986 debet
524 925 608 1002 hujus
620 924 796 986 sacramenti
809 925 880 986 ulus.
893 926 925 984 ld
937 942 1037 985 aurem
1053 943 1138 986 con·

184 1011 280 1076 ficitur
290 1016 321 1075 in
334 1013 424 1076 Millae
439 1014 769 1092 sacrificio,sansiiffimal
784 1017 814 1078 dr
824 1015 982 1099 graviffimd
995 1015 1139 1087 cliristiat·¹

184 1125 233 1193 nae
241 1107 402 1186 Religionis
410 1107 523 1171 adione
532 1132 541 1168 .·
551 1107 683 1190 adestque
695 1110 827 1172 accurate
840 1108 1048 1191 perspiciendd.
1057 1107 1138 1168 Om-¹

184 1200 231 1260 nia
242 1197 356 1279 frugum
372 1201 400 1260 dt
416 1201 604 1263 animantium
618 1200 776 1276 sacrificiu
798 1221 864 1282 quae
878 1201 926 1262 sub
938 1200 1066 1261 naturali
1077 1217 1136 1261 aut
1165 1250 1172 1265 .

183 1289 286 1371 scripta
303 1292 367 1373 lege
386 1292 455 1353 Deo
474 1293 586 1355 Fideles
606 1289 789 1368 offerebant,
807 1292 908 1374 figurae
929 1291 1020 1353 modd
1041 1307 1137 1352 erant

182 1385 280 1463 magni
296 1385 371 1444 illius
387 1384 543 1458 Sacrificii‚
559 1385 639 1466 quod
651 1384 782 1448 Christus
794 1403 856 1446 erar
875 1387 904 1444 in
926 1382 1024 1446 Cruce
1044 1382 1133 1444 obla-

182 1490 264 1537 turus
276 1498 283 1533 :
296 1496 414 1558 quoque
423 1497 484 1538 uno
493 1479 604 1559 impleri
617 1497 750 1559 poterant
760 1496 887 1558 quatuor
899 1474 1131 1538 offerendorum

181 1566 395 1630 Sacrificiorum
408 1568 500 1630 causae
513 1568 563 1651 (b).
575 1570 685 1644 Prima,
695 1588 727 1632 ut
736 1568 851 1631 summae
860 1568 998 1648 majestati
1009 1568 1133 1628 debitus

181 1661 280 1721 honor
290 1662 360 1722 Deo
371 1664 571 1725 exhiberetur:
585 1665 692 1736 altera,
708 1664 811 1738 utejus
823 1660 938 1739 justiriae
948 1680 1002 1741 pro
1016 1679 1129 1741 pecca·

182 1753 219 1813 tis
234 1755 381 1815 hominum
396 1755 476 1815 lieret
485 1755 548 1816 saris
558 1779 567 1814 .·
579 1757 682 1828 tertia,
700 1757 735 1816 ad
748 1756 926 1835 impetranda
938 1753 1041 1832 quibus
1051 1751 1134 1812 indii

182 1863 252 1925 gent
261 1847 401 1909 beneficia
412 1869 418 1904 ε
429 1866 546 1927 quarta,
562 1849 597 1908 ad
607 1849 714 1929 gratias
726 1848 857 1928 agendas.
870 1845 956 1905 Aliud
967 1844 1059 1926 igitur
1071 1844 1134 1910 Sa&

181 1935 321 1999 crifieium
342 1937 449 2001 offerre
468 1939 510 2000 sas
526 1940 585 2018 jam
603 1960 664 2001 non
682 1937 724 2000 est
740 1961 747 1997 ε
766 1956 796 1999 ar
811 1937 950 1999 Sacrificii
970 1937 988 1996 ai
1006 1933 1133 1998 Christo

181 2027 267 2089 semel
281 2032 369 2092 oblati
384 2035 524 2093 memoria
536 2029 638 2092 assidue
654 2031 828 2103 recolenda,
842 2029 958 2111 ejusque
973 2046 1133 2111 praecepto

182 2123 339 2203 parendum
349 2125 468 2185 dicentis
485 2147 492 2184 ε
504 2122 656 2199 Hocsacr'cc
669 2125 696 2182 t'n
708 2145 788 2180 meam
799 2125 1060 2183 commemorationem
1072 2118 1133 2204 (c):

182 2229 216 2274 ut
237 2214 439 2276 inaestimabilie
457 2215 540 2294 liujus
561 2213 700 2275 Sacrificii
716 2217 809 2275 virtus
828 2216 864 2274 ad
886 2231 1130 2295 unumquemque

181 2305 312 2368 nostrstm
334 2310 493 2388 perveniat.
517 2306 612 2369 Porro
625 2326 699 2369 ‘ante
725 2305 872 2368 Missarum
897 2308 1130 2367 celebrationem

111 2448 116 2461 .
182 2400 270 2460 multa
287 2397 772 2481 ptaevianeceffaria.Sans1usesse
787 2402 868 2461 locus
885 2398 989 2471 debet3
1004 2397 1133 2479 nempe,

182 2492 320 2573 quantitm
334 2492 396 2554 sieri
408 2492 520 2575 potest,
534 2492 656 2553 Ecclesia
667 2491 786 2552 solemni
799 2493 858 2553 ritu
871 2489 1059 2568 consecrata,
1076 2506 1131 2550 aut

180 2583 279 2646 saltem
299 2583 470 2648 Oratorium
488 2588 524 2646 ab
544 2583 686 2668 Episcopo
698 2583 886 2646 benedislum.
904 2581 1003 2643 Alrate
1015 2583 1047 2642 in
1066 2601 1132 2664 quo

182 2678 413 2741 Sacro-sensium
429 2677 534 2739 Chrilli
547 2697 654 2758 corpus
662 2678 858 2759 reponendum
868 2676 1030 2755 ,Reliquias
1039 2674 1132 2735 Sanc-

184 2787 283 2835 torum
296 2774 401 2834 habere
413 2774 498 2832 deber
511 2817 520 2843 ,
538 2768 687 2848 multisque
699 2770 880 2831 orationibus
893 2812 903 2840 ‚
919 2767 1129 2840 umbonibus,

184 2863 447 2933 tlmrificationibus
469 2863 581 2944 prolixi
602 2861 770 2923 caerimonid
793 2859 954 2924 consecrari
978 2857 1031 2942 (d)
1057 2859 1133 2920 Suas

185 2976 303 3050 quoque
317 2954 450 3038 speciales
466 2955 570 3015 babent
584 2952 801 3015 benedidliones
812 2953 889 3016 sacra
900 2950 985 3022 vasa,
999 2952 1029 3010 dt
1042 2951 1133 3012 indu-

185 3065 300 3119 menta,
313 3047 416 3127 quibus
425 3048 460 3106 ad
476 3047 574 3129 Altare
585 3044 649 3106 usus
657 3043 697 3105 est
710 3066 716 3103 :
728 3062 758 3105 ut
767 3046 802 3104 ad
818 3044 1021 3122 subjiciendam
1031 3044 1134 3104 oculis

186 3141 257 3202 tanti
269 3135 405 3199 sacrificii
415 3137 588 3214 majestatem
596 3138 694 3198 omnia
703 3136 874 3218 conspirent.
888 3135 1133 3214 Ejuscelebrnndi

187 3248 301 3314 tempus
314 3230 439 3292 solemne
451 3229 492 3291 ell
504 3232 578 3291 inter
591 3231 692 3291 horam
705 3231 818 3290 tertiam
830 3249 864 3289 ac
878 3228 1001 3297 sextam,
1021 3227 1131 3306 majori

187 3326 247 3406 jam
266 3324 363 3386 Officii
375 3324 467 3384 divini
486 3340 567 3405 parte
580 3321 731 3384 decantata
749 3320 797 3404 (c).
809 3322 949 3383 Sacerdos
965 3321 1134 3386 celebratu-

190 3439 238 3480 rus
252 3417 386 3501 privatim
402 3437 487 3490 orat,
506 3415 627 3497 psalmos
644 3416 710 3475 huic
728 3416 929 3496 praeparationi
947 3410 1066 3474 seleslos
1082 3431 1134 3473 re-

132 3516 136 3523 '
190 3513 260 3572 citat
271 3556 280 3584 ‚
291 3509 476 3589 mysteriique
488 3553 497 3581 ‚
514 3509 549 3568 ad
564 3508 643 3588 quod
653 3509 762 3568 accedit
774 3552 783 3580 ‚
795 3507 965 3586 dignitatem
977 3523 1076 3565 mente
1086 3523 1136 3564 re·

191 3601 303 3665 traslat.
322 3602 432 3682 Aquam
444 3597 791 3680 benedicitqudpopulum
802 3592 945 3681 aspergat,
955 3613 987 3657 ut
997 3593 1137 3677 Baptismi

192 3696 359 3756 memoriam
373 3710 507 3766 revocer,
517 3688 1041 3753 &adhibendaeSacrificiosandliratis.
1052 3686 1135 3750 Tum

193 3789 351 3853 comitante
363 3787 519 3859 Diacono‚
535 3784 735 3853 Subdiacono,
753 3803 786 3844 ac
800 3785 929 3865 pluribus
939 3781 1075 3858 Acolytis
1088 3781 1137 3840 in«

192 3879 306 3941 censum
316 3877 345 3937 δι
358 3879 507 3938 luminaria
517 3876 725 3949 deserentibus,
735 3873 888 3956 &singulis
897 3874 991 3935 ordini
1001 3871 1050 3933 stro
1060 3891 1136 3933 con-

193 3972 347 4032 venienter
358 3971 477 4044 indutis,
489 3969 523 4032 ad
534 3969 633 4031 Altare
642 3967 761 4030 solemni
771 3969 876 4051 pompd
885 3965 1137 4049 pr·ocedir:choro

245 4215 271 4272 b)
284 4214 354 4262 conc.
371 4207 412 4261 Tr.
425 4212 484 4276 Seff,
495 4229 533 4262 ιι.
548 4211 607 4277 Cap,
628 4227 651 4263 ι.
665 4227 688 4259 2.
703 4210 767 4260 sicb.
788 4224 826 4259 to.

242 4287 266 4341 ι)
280 4280 336 4331 Lttr.
348 4298 369 4330 c.
385 4298 422 4329 aa.
435 4297 457 4329 v.
475 4298 511 4344 ¹9.
523 4281 563 4343 (d)
576 4279 668 4346 Pontis.
685 4282 756 4330 Rom.
769 4279 799 4328 dc
812 4276 877 4327 Eccl.
892 4273 982 4325 Dedic.
999 4274 1043 4327 stc.

228 4218 242 4275 (

229 4357 256 4427 (c
281 4350 352 4404 Cone.
370 4351 411 4404 st.
428 4347 485 4413 Sell.
504 4367 543 4404 aa.
564 4351 625 4418 sap.
641 4366 663 4416 ς.
680 4350 713 4426 V!
726 4349 789 4412 first.
805 4341 872 4407 Ειςί.
890 4343 946 4406 Lib.
967 4347 1005 4412 36.
1023 4341 1059 4403 N·
1079 4357 1124 4415 ιζ.
