2556 5040
245 511 597 587 raassonrcus
644 515 846 586 nnrott·
980 525 1055 612 aar,

112 637 227 693 'Attende
245 635 313 696 tibi,
327 631 364 685 iiii
382 633 435 698 nri,
457 634 489 686 ab
504 636 574 687 omni
586 633 777 698 fornicatione,
796 633 823 683 dt
837 640 930 700 prater
946 647 1055 688 uxoren

90 720 160 764 auam
170 718 296 771 nunquam
309 704 413 770 patrarit
425 706 520 756 crimen
534 707 606 756 scite.
619 704 681 757 roi.
692 721 714 755 r.
727 720 751 764 4
765 720 787 754 ν.
801 719 810 754 ι
818 716 840 766 ι.

119 776 265 829 Fornicatio
277 772 305 822 it
318 774 400 823 crnnis
420 776 580 826 immunditia
597 790 645 826 nec
669 774 814 826 nominetur
835 775 862 824 ia
873 772 947 824 tobia
964 809 974 837 ,
993 774 1057 828 iictt

85 847 163 900 decet
174 846 280 897 sardot.
291 839 380 907 finies.
386 859 409 893 c.
420 857 444 904 ς.
455 860 479 893 ν.
495 860 517 905 i·
1126 908 1129 914 Ι

122 914 280 968 iionorabiie
290 912 445 964 connubium
458 914 484 964 in
498 912 633 976 omnibus,
648 911 676 963 dt
687 913 773 964 thoma
781 909 963 965 inmacuiarur.
975 907 1057 965 Hcdr.

88 1002 112 1039 c.
125 1002 135 1036 a
159 1019 166 1033 .
182 1001 205 1033 a.
238 1018 246 1034 .

122 999 191 1106 E⁸cce
206 1003 256 1105 iate
280 1048 328 1100 fuit
352 1048 469 1112 iniquitas
494 1049 627 1111 Sodoma,
643 1049 780 1120 superbia,
804 1045 919 1101 saturitas
931 1048 1004 1113 panis
1029 1046 1058 1100 d<

88 1121 267 1182 abundantia,
288 1119 405 1169 &otium
428 1118 501 1184 ipius
520 1121 546 1170 dt
558 1119 665 1172 iliarum
683 1121 756 1184 ejus,
770 1120 796 1169 di
809 1134 912 1172 matrum
930 1131 1012 1185 egeno
1028 1120 1058 1169 tr

88 1192 198 1263 pauperi
210 1205 261 1242 non
274 1189 449 1256 porrigemus.
462 1187 554 1254 [arrh.
569 1205 591 1239 c.
607 1192 644 1242 ro.
658 1205 682 1240 ν.
695 1203 738 1252 49.

125 1261 213 1312 Nolite
226 1258 346 1311 inebriari
365 1259 438 1307 vino:
459 1256 484 1306 in
505 1274 554 1324 quo
565 1260 599 1310 eii
610 1259 715 1309 luxuria.
729 1253 820 1323 Enhcfi
834 1273 856 1308 r.
869 1269 893 1318 5.
904 1273 928 1308 ν.
949 1259 989 1311 rt.

127 1330 216 1397 Scripfi
236 1327 327 1388 vobis,
350 1342 381 1377 nc
391 1324 606 1380 commisceamini
617 1326 769 1380 sororcariia.
781 1329 956 1394 Corrumpunt
973 1342 1059 1382 morea

94 1399 196 1459 boos,
207 1398 334 1461 colloquia
352 1409 437 1463 prava.
451 1409 472 1446 t.
487 1398 542 1449 Cor.
553 1412 574 1447 c.
595 1412 618 1459 5.
630 1413 654 1450 ν.
668 1410 693 1457 9.
706 1394 775 1448 laid.
788 1411 809 1448 c.
824 1409 864 1458 ις.
881 1410 906 1444 ν.
917 1407 957 1456 ιι.

124 1467 240 1530 Quarum
261 1481 312 1517 non
323 1465 352 1515 itt
363 1462 521 1516 extrinsecis
539 1469 707 1532 capillatura,
730 1475 774 1517 aut
797 1466 966 1518 circumdatio
985 1466 1057 1533 eati,

95 1549 141 1588 aut
155 1535 298 1588 indumenti
314 1533 518 1586 vestimentorum
535 1538 625 1587 cuitus.
643 1553 665 1588 a.
679 1537 733 1594 iict.
744 1549 766 1584 e.
780 1546 802 1594 ι.
813 1549 838 1585 ν.
853 1548 876 1596 ι.

129 1605 188 1656 Non
206 1605 304 1657 edullo
324 1615 437 1654 creatura
456 1603 584 1655 invisibilia
598 1607 624 1656 in
636 1605 769 1673 sonipediu
787 1602 857 1665 eiust
871 1602 956 1654 omnia
971 1615 1059 1657 auten

92 1675 164 1727 noda
176 1673 203 1723 dt
224 1685 311 1742 aperta
327 1671 384 1723 sunt
402 1673 481 1724 oculis
502 1673 564 1736 ejus.
576 1674 655 1725 idcir.
669 1691 690 1727 c.
702 1689 727 1731 a.
739 1689 763 1724 ν.
781 1685 820 1735 ¹3·

131 1743 166 1794 Et
175 1741 234 1794 scivi
244 1739 363 1807 quoniam
373 1742 447 1794 aliter
460 1758 512 1794 non
525 1746 620 1811 possum
633 1744 682 1794 eise
694 1744 845 1807 continens,
857 1742 901 1793 nii
915 1743 984 1794 Deua
997 1741 1059 1802 data

95 1809 124 1862 dt
132 1812 180 1862 itoc
188 1811 268 1879 ipfitaa
280 1822 334 1862 aaut
344 1809 472 1878 sapientie
480 1848 489 1876 ,
497 1813 559 1865 scire
569 1813 639 1878 cuius
652 1814 714 1865 eiiet
724 1813 828 1865 donon.
840 1811 904 1879 Sap.
913 1828 935 1864 c.
947 1812 974 1864 8.
986 1824 1011 1860 ν.
1020 1824 1060 1865 ιι.

108 1941 1044 2031 m==========nd

222 2085 559 2175 LECTIO
619 2087 933 2178 XXVIII.

341 2269 398 2341 De
429 2271 585 2365 fiptr‘rno
623 2271 814 2368 Proecepm.

103 2425 298 2584 Silaniano
305 2423 462 2512 Ptaecepto
474 2427 671 2512 prohibemur
679 2430 781 2514 rapina
790 2477 800 2505 ,
809 2427 918 2494 iurtum
925 2476 936 2506 ,
944 2428 1062 2505 irenam:

165 2517 337 2594 concuffio,
354 2519 391 2582 ad
409 2518 548 2584 summam
562 2521 660 2585 omnis
675 2522 781 2585 alienae
800 2523 845 2585 rei
862 2523 993 2587 violenta
1007 2525 1062 2589 vei

100 2612 288 2678 fraudulenta
301 2611 508 2677 contreiiatio.
526 2610 604 2677 Citm
626 2613 706 2677 cuim
727 2613 764 2676 de
788 2613 953 2679 dividendis
972 2614 1062 2681 bonit

103 2705 240 2770 homines
260 2703 479 2784 consenserint,
493 2706 587 2790 deque
602 2702 637 2769 iis
655 2707 839 2790 acquirendis
853 2707 883 2769 dr
901 2707 1063 2772 retinendi

103 2798 185 2882 leges
199 2798 367 2863 sanxerint:
381 2800 432 2883 qui
448 2818 550 2864 earum
572 2803 669 2883 iegum
686 2798 835 2863 beneficio
846 2798 954 2865 noiiria
968 2800 1063 2864 securi

105 2890 250 2968 fruimur,
264 2911 381 2976 equum
391 2890 432 2954 eii
444 2891 716 2969 menstruanus,
728 2912 763 2957 ac
776 2893 907 2977 reliquos
918 2893 975 2956 suis
986 2913 1063 2979 quo·

104 3005 164 3069 que
179 2985 236 3050 dui
254 2984 397 3062 finamua;
407 3007 462 3050 nec
479 2987 515 3050 ad
528 3006 581 3050 eos
592 2984 758 3069 spoliandos
769 2988 883 3050 viribus
896 2985 1002 3052 noiitis
1012 3004 1064 3052 aut

103 3077 244 3147 industrii
260 3081 422 3143 abutamur.
434 3080 464 3144 Si
483 3080 541 3164 qud
553 3100 586 3143 re
599 3100 741 3165 egemus,
758 3080 853 3145 danda
867 3100 959 3166 opera
974 3099 1007 3146 ut
1019 3082 1065 3146 le·

105 3173 216 3255 gitimis
227 3174 322 3237 modis
332 3175 535 3259 aequicrurus,
547 3175 669 3248 labore,
680 3175 878 3237 mercimonIo
890 3219 901 3249 ,
914 3172 1066 3238 famulatu.

106 3263 217 3329 Faenus
230 3263 272 3330 est
287 3266 400 3329 lucrum
416 3284 455 3329 ex
471 3281 576 3329 mutuo
587 3310 599 3342 ,
610 3266 678 3328 ciam
691 3267 755 3348 pius
770 3267 901 3349 exigitur
913 3267 1001 3349 quim
1012 3267 1066 3330 da·

108 3371 174 3418 tuna
189 3355 239 3420 eii
256 3355 414 3421 Concuffio
431 3354 472 3420 cst
485 3357 608 3441 publice
621 3357 771 3439 potestatis
782 3355 903 3432 abuitas,
922 3359 960 3421 ad
980 3359 1066 3422 inva-

108 3449 205 3512 denda
214 3468 265 3513 aut
282 3449 437 3513 renuenda
449 3451 634 3534 privatorum
647 3450 735 3513 bona.
747 3449 769 3512 F
772 3470 906 3514 utrorum
921 3448 1066 3516 nocentis·

109 3539 212 3604 fimum
229 3541 270 3605 est
282 3542 472 3606 domesticum
488 3589 498 3619 ,
516 3562 639 3628 propter
655 3542 743 3608 fidem
767 3541 885 3608 familiar
905 3541 1067 3610 neceffino

109 3634 271 3697 habendam
282 3657 290 3696 a
300 3655 354 3698 nec
363 3637 431 3698 iicet
439 3637 514 3698 clim
526 3639 660 3720 accipere
671 3637 768 3700 damni
780 3637 984 3722 compensandi
994 3656 1068 3722 pra·

112 3742 205 3791 textu.
225 3728 290 3792 Nec
306 3727 419 3792 tantiam
438 3729 531 3793 aliena
544 3728 681 3812 usurpare
699 3747 861 3805 vetamur,
877 3733 966 3796 mam
983 3729 1068 3810 iube-

113 3840 179 3883 mur
194 3819 269 3885 male
283 3838 365 3906 parta
377 3804 546 3898 restituere3
559 3823 648 3906 idque
657 3823 872 3905 quamprimum
880 3823 945 3887 fieri
954 3821 1070 3908 potest,

113 3915 181 3995 quia
196 3911 297 3993 iniusta
319 3915 478 3990 detentio,
502 3913 582 3998 quasa
597 3934 678 3978 nova
693 3913 841 4001 usurpatio
857 3914 908 3981 est
927 3917 1070 3980 iubemur

110 4007 202 4068 eriam
213 4007 271 4068 hoc
281 4026 431 4091 praecepto
440 4009 617 4090 pauperibus
627 4010 772 4090 operariis
784 4010 934 4074 mercedes
945 4011 1070 4095 diiigen-

112 4115 160 4160 ter
176 4098 329 4162 exsolvere
341 4099 405 4186 [a]:
419 4121 490 4183 quas
502 4102 552 4185 qui
566 4101 674 4165 retinet
686 4147 697 4177 ,
707 4100 843 4165 sudorem
863 4122 989 4178 eorum,
1006 4100 1070 4166 san·

113 4193 253 4276 guium,
268 4212 303 4255 ac
317 4196 410 4259 vitam
427 4195 560 4267 retinet,
579 4213 674 4276 eaque
697 4195 804 4276 injuria
826 4195 954 4261 ultorem
968 4194 1070 4261 Deum

148 4368 198 4434 (a)
210 4367 293 4456 druia.
305 4383 327 4424 c.
350 4380 391 4434 rs.
404 4384 429 4420 ν.
448 4379 489 4432 ιι.
509 4365 604 4435 Psuirra.
618 4371 659 4435 td.
674 4384 698 4422 ι.
715 4379 754 4423 ιι.
982 4358 993 4401 ⁹
