2556 5040
325 486 668 554 austoricus
715 487 903 556 maron.
1060 504 1127 581 nr

156 628 240 687 tum;
256 630 381 690 quarum
395 610 542 694 praecipua
553 608 595 673 est
608 628 662 686 ,ιιι
675 612 791 694 publice
808 610 861 674 fiat
874 608 1017 695 praesente
1033 615 1126 677 alter·

161 709 254 771 utrius
265 704 422 777 parocho,
444 704 475 764 δι
487 706 604 767 duobus
618 704 745 767 tribusve
763 706 892 768 restibus.
907 705 1029 769 Debent
1039 706 1128 790 spon·

160 799 230 863 salia
242 800 429 881 ptaecedete,
449 798 479 858 in
492 800 598 880 quibus
607 796 707 861 Pastor
716 802 904 883 interrogaris
915 801 1043 882 patribus
1055 821 1128 884 cog·

155 890 260 955 noscat
273 910 310 952 an
327 889 405 953 sorte
420 894 625 956 contrahendo
640 893 832 955 matrimonio
845 893 877 954 fit
893 893 1015 976 aliquod
1033 896 1127 978 impe·

159 984 406 1068 dimentum.lps1
422 986 528 1048 deinde
543 985 570 1050 se
587 988 624 1049 ad
644 988 862 1071 percipiendum
882 986 1127 1063 Sacramentum,

162 1080 253 1141 animi
268 1080 415 1160 puritate,
429 1084 584 1156 oratione,
595 1100 630 1144 ac
643 1081 730 1144 bonis
740 1081 879 1164 operibus
891 1099 1064 1163 comparare
1073 1083 1127 1144 de·

161 1177 242 1239 bent.
259 1174 447 1239 Adveniente
466 1176 675 1239 celebrationis
692 1177 762 1252 die,
787 1173 936 1238 Perochus
954 1173 1127 1238 consensum

155 1269 333 1334 solemniter
341 1289 441 1334 coram
453 1269 577 1333 Ecclesia
589 1267 725 1352 prestare
733 1268 988 1350 jubet,hdemqne
997 1286 1129 1333 mutuent

162 1366 339 1450 promittere
352 1386 360 1425 t
371 1382 433 1427 tum
442 1366 592 1428 annullum
602 1364 749 1426 benedicit
760 1380 866 1445 ,quem
879 1363 966 1425 utori
977 1365 1026 1424 det
1039 1365 1127 1427 mari·

164 1474 211 1521 tus
222 1460 252 1521 in
268 1459 332 1538 ejus
350 1458 418 1522 sides
430 1458 541 1542 signum
555 1458 609 1544 [lt].
621 1457 741 1520 Deinde
751 1454 833 1519 Missa
847 1457 1030 1528 celebratur,
1044 1453 1127 1539 pres

161 1552 325 1616 tantilsrmis
337 1555 496 1637 Scripturas
508 1556 544 1618 de
563 1553 758 1615 Matrimonio
776 1550 950 1613 testimoniis
967 1567 1126 1613 contexta:

163 1648 197 1710 dc
210 1647 274 1730 post
287 1646 467 1712 Orationem
481 1647 672 1710 Dominicam
686 1691 695 1720 ,
713 1642 848 1708 sacerdos
860 1664 977 1727 precem
993 1645 1022 1703 in
1038 1642 1126 1705 semi·

157 1765 227 1808 nam
243 1744 311 1806 sacit
324 1788 335 1817 ,
348 1744 405 1826 qud
416 1742 448 1804 δι
457 1741 696 1815 foecunditatem,
710 1739 741 1800 ιι
751 1758 855 1802 omnes
864 1739 1050 1819 antiquarum
1061 1756 1127 1800 mu·

160 1840 267 1900 lierum
282 1837 409 1899 virtutes
422 1836 472 1921 ipsi
484 1835 620 1922 postulat.
632 1834 713 1916 Quae
726 1831 893 1895 benedictio
910 1830 997 1892 semel
1009 1834 1125 1894 tantirm

161 1933 335 1995 adhibetur:
348 1930 477 2013 ideoque
489 1929 723 2012 pretermittitur
733 1927 800 1989 cirm
813 1926 902 1986 vidua
912 1925 1005 1986 nubit.
1020 1923 1125 1987 Posted

159 2028 195 2088 in
219 2026 380 2108 conjugum
405 2028 563 2088 thalamum
589 2022 684 2105 pergit
709 2021 879 2091 Sacerdos,
907 2020 1125 2102 nuptialemque

161 2122 283 2182 thorum
296 2121 461 2194 benedicit,
475 2138 509 2180 ut
521 2118 553 2179 dr
566 2114 687 2177 Diaboli
701 2113 814 2175 insidias
825 2130 955 2187 avertat,
965 2113 996 2173 δι
1009 2111 1125 2174 ιωςιιιι·

159 2214 283 2275 ditarem
299 2232 445 2298 precetur.
456 2213 489 2274 ln
501 2208 613 2274 cundis
629 2210 672 2269 his
691 2207 876 2271 orationibus
893 2207 1030 2267 diuturna
1044 2207 1125 2283 vita,

160 2305 386 2390 temporalisque
396 2304 572 2389 prosperitas
581 2300 1030 2382 memorantur,conjugatotum
1038 2298 1124 2363 statui

159 2419 370 2481 congruentes.
392 2397 490 2461 Porro
513 2395 647 2479 quamvis
671 2393 847 2455 honorabile
865 2392 898 2453 stt
922 2393 1124 2470 connubium,

161 2493 195 2555 tr
213 2494 319 2556 thorus
335 2493 536 2555 immaculatus
556 2513 563 2550 :
582 2487 696 2549 beatior
713 2486 756 2547 est
773 2503 870 2547 tamen
891 2487 1059 2567 virginum,
1077 2487 1123 2547 vi·

159 2587 282 2649 duanam
293 2632 303 2658 ,
316 2586 348 2647 dr
362 2587 495 2648 omnium
512 2580 729 2646 continentium
740 2577 831 2641 status
847 2577 891 2661 [i].
908 2577 1018 2640 Rerum
1033 2578 1123 2641 cadu-

160 2700 262 2743 carum
272 2677 493 2741 sollicitudinem
506 2670 741 2754 calamitatesque
753 2674 849 2735 varias
860 2673 957 2732 vitare
970 2670 1124 2754 conjugati

160 2793 224 2836 non
246 2770 362 2857 possunt
376 2795 382 2833 :
395 2773 529 2834 caelibum
553 2789 644 2832 unum
667 2763 791 2829 sludium
812 2764 874 2838 est,
895 2763 967 2826 Deo
985 2767 1101 2848 placere
1109 2783 1122 2839 ;

159 2864 349 2951 virginesque
370 2866 401 2927 in
419 2867 504 2929 coelis
523 2864 560 2927 ab
581 2862 646 2924 aliis
664 2858 775 2922 Sandis
791 2858 934 2921 aeternum
955 2857 1122 2921 discernen-

158 2979 209 3024 tur
224 2959 276 3043 [lt].
291 2958 455 3137 qtldiuersa
469 2958 533 3022 sunt
546 2959 625 3021 dona
643 2952 727 3029 Dei,
742 2952 775 3016 dr
790 2953 840 3016 sua
856 2954 963 3036 cuique
975 2950 1122 3035 sequenda

154 3055 280 3129 ‚vocatio
322 3056 357 3115 l.

192 3198 233 3262 (ιι)
250 3198 349 3251 Riruas.
362 3199 441 3266 Paris}
458 3202 492 3264 (i)
513 3216 537 3251 r.
556 3198 611 3251 Cor.
625 3216 648 3250 r.
663 3214 688 3261 7.
704 3219 729 3252 r.
742 3214 784 3261 ιο.
797 3215 822 3252 ν.
838 3213 880 3263 31.

191 3269 231 3333 (k)
250 3270 329 3335 Aper.
341 3285 363 3320 t.
378 3282 415 3332 14.
430 3287 454 3318 ν.
469 3287 490 3332 3.
511 3270 544 3332 (s)
559 3287 582 3320 ι.
593 3269 647 3319 Cor.
661 3287 683 3320 c.
695 3286 721 3332 7.
734 3284 751 3318 ν
773 3285 797 3332 7·

421 3394 865 3460 TESTIMONIA.

180 3534 321 3587 Masculum
341 3536 368 3586 bt
381 3534 501 3586 seminam
521 3534 617 3585 creavit
635 3548 680 3584 eos
694 3533 774 3585 Deus.
801 3534 985 3604 benedixitque
1007 3538 1075 3602 illis,
1091 3538 1121 3591 ἃ

154 3609 191 3659 ait
206 3625 211 3655 ι
227 3606 373 3656 Crescite&
381 3608 602 3672 multiplicamini,
613 3605 639 3653 dt
649 3605 745 3671 replete
752 3616 854 3655 terrain.
862 3606 981 3660 Gens-r·
994 3626 1018 3659 v.
1028 3626 1065 3672 ry.
1078 3609 1120 3659 rt.

186 3677 246 3726 Non
259 3677 293 3726 ιιι
305 3677 400 3726 bonum
412 3677 461 3726 ell'e
482 3677 610 3727 hominem
632 3673 712 3727 sitiunt
726 3692 732 3724 ι
744 3672 865 3726 saciantur
882 3677 907 3726 es
920 3677 1072 3741 adiutorium
1087 3680 1119 3729 fi-

154 3746 215 3798 rnsle
231 3746 283 3795 fibi.
294 3743 357 3794 sbid.
369 3762 416 3796 na
440 3762 464 3794 ν.
477 3748 515 3796 18.

186 3814 210 3863 Si
222 3814 338 3866 habuerit
349 3816 426 3866 homo
437 3829 527 3868 uxores
538 3814 616 3877 duat,
627 3829 702 3866 unam
710 3814 826 3866 dlledam
837 3816 864 3866 δι
876 3816 980 3866 alteram
994 3817 1119 3869 odiosam.

149 3883 176 3936 Si
186 3888 315 3949 acceperit
327 3887 406 3936 homo
418 3899 523 3936 uxorem
534 3885 560 3933 dt
574 3884 690 3935 habuerit
708 3900 780 3946 eam,
806 3885 831 3933 ιι
852 3901 904 3936 ιιοιι
924 3889 1049 3937 inverterit
1062 3901 1120 3950 gra·

152 3959 214 4007 titm
227 3966 286 4006 ante
297 3956 384 4005 oculos
394 3953 448 4017 eius
460 3964 568 4022 propter
584 3954 692 4018 aliquam
716 3953 873 4016 soeditarem,
890 3954 983 4006 scribet
1004 3958 1120 4007 libellum

150 4023 270 4086 repudii,
297 4022 324 4074 dt
344 4024 417 4075 debit
433 4025 460 4075 sn
474 4040 549 4076 tuane
566 4023 653 4087 illius,
671 4025 698 4073 dt
712 4026 827 4076 dimittet
850 4042 907 4076 eant
929 4028 962 4076 de
979 4026 1057 4077 domo
1068 4024 1123 4080 sue.

148 4095 287 4147 Desarene
303 4107 343 4145 ιι
357 4110 382 4145 ι.
397 4108 437 4155 ¹3·
456 4091 521 4144 ibid.
533 4110 555 4143 r.
569 4105 678 4153 tart.

182 4161 293 4213 Vocatur
303 4160 340 4213 est
352 4160 422 4215 lesos
433 4162 461 4213 dt
473 4161 662 4230 Disclpnllrjur
674 4164 706 4214 ad
720 4164 829 4230 nuptias
839 4161 913 4214 loon.
926 4181 947 4214 c.
964 4181 987 4227 ι.
1004 4181 1028 4214 ν.
1044 4181 1071 4216 ι.

180 4230 260 4293 Quod
283 4232 354 4283 Dent
370 4230 521 4295 minnist,
540 4234 619 4285 bento
636 4248 688 4284 non
711 4232 820 4301 separet.
845 4236 929 4287 Moses
951 4235 983 4283 ad
1003 4236 1123 4286 duritiam

82 4350 86 4355 .
363 4300 666 4357 mifireeblsdlnrlttere
678 4304 894 4361 monstrem:
904 4306 1023 4358 abluitis
1036 4316 1123 4357 autem

145 4300 424 4431 abutantu-

439 4372 638 4439 nw.r.ss&

847 4445 954 4515 Μιι
944 4464 987 4541 ιι,
