<?xml version="1.0" encoding="UTF-8"?>
<!DOCTYPE html PUBLIC "-//W3C//DTD XHTML 1.0 Transitional//EN"
    "http://www.w3.org/TR/xhtml1/DTD/xhtml1-transitional.dtd">
<html xmlns="http://www.w3.org/1999/xhtml" xml:lang="en" lang="en">
 <head>
  <title>
</title>
<meta http-equiv="Content-Type" content="text/html;charset=utf-8" />
  <meta name='ocr-system' content='tesseract 3.04.00' />
  <meta name='ocr-capabilities' content='ocr_page ocr_carea ocr_par ocr_line ocrx_word'/>
</head>
<body>
  <div class='ocr_page' id='page_1' title='image "./opuscules01fleugoog/opuscules01fleugoog_0628.png"; bbox 0 0 2556 5040; ppageno 0'>
   <div class='ocr_carea' id='block_1_1' title="bbox 208 632 920 705">
    <p class='ocr_par' dir='ltr' id='par_1_1' title="bbox 208 632 920 705">
     <span class='ocr_line' id='line_1_1' title="bbox 208 632 920 705; baseline 0.001 -1"><span class='ocrx_word' id='word_1_1' title='bbox 208 632 278 705; x_wconf 78' lang='lat'>&#39;618</span> <span class='ocrx_word' id='word_1_2' title='bbox 505 638 920 705; x_wconf 64' lang='lat' dir='ltr'>Expostrltr.</span> 
     </span>
    </p>
   </div>
   <div class='ocr_carea' id='block_1_2' title="bbox 13 753 1189 4461">
    <p class='ocr_par' dir='ltr' id='par_1_2' title="bbox 16 753 1189 1404">
     <span class='ocr_line' id='line_1_2' title="bbox 58 753 1189 844; baseline 0.011 -27"><span class='ocrx_word' id='word_1_3' title='bbox 58 757 154 811; x_wconf 76' lang='lat' dir='ltr'>xvim</span> <span class='ocrx_word' id='word_1_4' title='bbox 175 830 181 844; x_wconf 38' lang='grc' dir='ltr'>Ι</span> <span class='ocrx_word' id='word_1_5' title='bbox 257 758 345 819; x_wconf 87' lang='lat' dir='ltr'>Nunc</span> <span class='ocrx_word' id='word_1_6' title='bbox 356 757 534 839; x_wconf 82' lang='lat' dir='ltr'>exponenda</span> <span class='ocrx_word' id='word_1_7' title='bbox 544 753 657 818; x_wconf 76' lang='lat' dir='ltr'>tantiam</span> <span class='ocrx_word' id='word_1_8' title='bbox 669 754 838 839; x_wconf 89' lang='lat' dir='ltr'>supersunt,</span> <span class='ocrx_word' id='word_1_9' title='bbox 852 778 920 840; x_wconf 82' lang='lat' dir='ltr'>quae</span> <span class='ocrx_word' id='word_1_10' title='bbox 933 758 970 821; x_wconf 91' lang='lat' dir='ltr'>de</span> <span class='ocrx_word' id='word_1_11' title='bbox 979 761 1085 826; x_wconf 85' lang='lat' dir='ltr'>verbo</span> <span class='ocrx_word' id='word_1_12' title='bbox 1093 760 1189 840; x_wconf 62' lang='lat' dir='ltr'>Dei}⁴</span> 
     </span>
     <span class='ocr_line' id='line_1_3' title="bbox 17 825 1022 947; baseline 0.003 -36"><span class='ocrx_word' id='word_1_13' title='bbox 17 825 130 946; x_wconf 40' lang='grc' dir='ltr'>’ἓξὲξ</span> <span class='ocrx_word' id='word_1_14' title='bbox 138 827 198 947; x_wconf 51' lang='grc' dir='ltr'>(ἕξ</span> <span class='ocrx_word' id='word_1_15' title='bbox 212 871 335 934; x_wconf 79' lang='lat' dir='ltr'>quaeque</span> <span class='ocrx_word' id='word_1_16' title='bbox 345 851 382 911; x_wconf 91' lang='lat' dir='ltr'>de</span> <span class='ocrx_word' id='word_1_17' title='bbox 393 847 527 912; x_wconf 71' lang='lat' dir='ltr'>Ecclesia</span> <span class='ocrx_word' id='word_1_18' title='bbox 540 848 716 912; x_wconf 78' lang='lat' dir='ltr'>audioritare</span> <span class='ocrx_word' id='word_1_19' title='bbox 727 849 875 913; x_wconf 81' lang='lat' dir='ltr'>Catholici</span> <span class='ocrx_word' id='word_1_20' title='bbox 886 853 1022 915; x_wconf 84' lang='lat' dir='ltr'>credant.</span> 
     </span>
     <span class='ocr_line' id='line_1_4' title="bbox 17 909 1184 1028; baseline 0.009 -24"><span class='ocrx_word' id='word_1_21' title='bbox 17 909 198 1020; x_wconf 53' lang='lat' dir='ltr'>gumnonscn.</span> <span class='ocrx_word' id='word_1_22' title='bbox 221 976 232 986; x_wconf 86' lang='lat'>·</span> <span class='ocrx_word' id='word_1_23' title='bbox 259 942 336 1006; x_wconf 80' lang='lat' dir='ltr'>Cum</span> <span class='ocrx_word' id='word_1_24' title='bbox 357 941 489 1004; x_wconf 80' lang='lat' dir='ltr'>Cluilius</span> <span class='ocrx_word' id='word_1_25' title='bbox 510 940 664 1003; x_wconf 83' lang='lat' dir='ltr'>Ecclefiam</span> <span class='ocrx_word' id='word_1_26' title='bbox 686 943 763 1004; x_wconf 88' lang='lat' dir='ltr'>suam</span> <span class='ocrx_word' id='word_1_27' title='bbox 782 943 936 1027; x_wconf 80' lang='lat' dir='ltr'>Evangelii</span> <span class='ocrx_word' id='word_1_28' title='bbox 953 946 1184 1028; x_wconf 64' lang='lat' dir='ltr'>predicatione</span> 
     </span>
     <span class='ocr_line' id='line_1_5' title="bbox 16 1034 1181 1119; baseline 0.009 -25"><span class='ocrx_word' id='word_1_29' title='bbox 16 1045 98 1094; x_wconf 76' lang='lat' dir='ltr'>prum.</span> <span class='ocrx_word' id='word_1_30' title='bbox 212 1035 411 1109; x_wconf 83' lang='lat' dir='ltr'>constituerit,</span> <span class='ocrx_word' id='word_1_31' title='bbox 430 1035 523 1117; x_wconf 85' lang='lat' dir='ltr'>prima</span> <span class='ocrx_word' id='word_1_32' title='bbox 535 1034 707 1097; x_wconf 81' lang='lat' dir='ltr'>Christianae</span> <span class='ocrx_word' id='word_1_33' title='bbox 717 1037 869 1119; x_wconf 84' lang='lat' dir='ltr'>religionis</span> <span class='ocrx_word' id='word_1_34' title='bbox 881 1058 989 1100; x_wconf 84' lang='lat' dir='ltr'>norma</span> <span class='ocrx_word' id='word_1_35' title='bbox 1007 1039 1092 1115; x_wconf 89' lang='lat' dir='ltr'>suit,</span> <span class='ocrx_word' id='word_1_36' title='bbox 1107 1062 1181 1105; x_wconf 89' lang='lat' dir='ltr'>ver·</span> 
     </span>
     <span class='ocr_line' id='line_1_6' title="bbox 210 1126 1181 1212; baseline 0.007 -22"><span class='ocrx_word' id='word_1_37' title='bbox 210 1129 280 1191; x_wconf 91' lang='lat' dir='ltr'>bum</span> <span class='ocrx_word' id='word_1_38' title='bbox 299 1148 359 1190; x_wconf 93' lang='lat' dir='ltr'>nou</span> <span class='ocrx_word' id='word_1_39' title='bbox 375 1126 519 1209; x_wconf 88' lang='lat' dir='ltr'>scriptum.</span> <span class='ocrx_word' id='word_1_40' title='bbox 535 1127 641 1210; x_wconf 84' lang='lat' dir='ltr'><strong>Neque</strong></span> <span class='ocrx_word' id='word_1_41' title='bbox 653 1127 722 1189; x_wconf 88' lang='lat' dir='ltr'>ided</span> <span class='ocrx_word' id='word_1_42' title='bbox 737 1129 830 1190; x_wconf 90' lang='lat' dir='ltr'>amisrr</span> <span class='ocrx_word' id='word_1_43' title='bbox 848 1129 928 1192; x_wconf 86' lang='lat' dir='ltr'>suam</span> <span class='ocrx_word' id='word_1_44' title='bbox 938 1131 1181 1212; x_wconf 76' lang='lat' dir='ltr'>audloriratem,</span> 
     </span>
     <span class='ocr_line' id='line_1_7' title="bbox 211 1218 1175 1303; baseline 0.009 -21"><span class='ocrx_word' id='word_1_45' title='bbox 211 1220 291 1302; x_wconf 81' lang='lat' dir='ltr'>quod</span> <span class='ocrx_word' id='word_1_46' title='bbox 310 1225 336 1284; x_wconf 89' lang='lat' dir='ltr'>ei</span> <span class='ocrx_word' id='word_1_47' title='bbox 360 1222 433 1282; x_wconf 92' lang='lat' dir='ltr'>novi</span> <span class='ocrx_word' id='word_1_48' title='bbox 448 1220 548 1302; x_wconf 81' lang='lat' dir='ltr'>posted</span> <span class='ocrx_word' id='word_1_49' title='bbox 562 1218 741 1283; x_wconf 77' lang='lat' dir='ltr'>Testamenti</span> <span class='ocrx_word' id='word_1_50' title='bbox 760 1218 909 1303; x_wconf 81' lang='lat' dir='ltr'>scriptutae</span> <span class='ocrx_word' id='word_1_51' title='bbox 927 1224 1084 1302; x_wconf 70' lang='lat' dir='ltr'>adjuncta</span> <span class='ocrx_word' id='word_1_52' title='bbox 1104 1227 1175 1291; x_wconf 77' lang='lat' dir='ltr'>sint.</span> 
     </span>
     <span class='ocr_line' id='line_1_8' title="bbox 209 1312 1178 1404; baseline 0.009 -30"><span class='ocrx_word' id='word_1_53' title='bbox 209 1312 285 1394; x_wconf 90' lang='lat' dir='ltr'>Quo</span> <span class='ocrx_word' id='word_1_54' title='bbox 301 1312 354 1389; x_wconf 89' lang='lat' dir='ltr'>lit,</span> <span class='ocrx_word' id='word_1_55' title='bbox 368 1331 400 1375; x_wconf 94' lang='lat' dir='ltr'>ut</span> <span class='ocrx_word' id='word_1_56' title='bbox 417 1315 480 1396; x_wconf 90' lang='lat' dir='ltr'>pari</span> <span class='ocrx_word' id='word_1_57' title='bbox 492 1313 659 1377; x_wconf 78' lang='lat' dir='ltr'>reverentid</span> <span class='ocrx_word' id='word_1_58' title='bbox 670 1315 851 1376; x_wconf 80' lang='lat' dir='ltr'>admittamus</span> <span class='ocrx_word' id='word_1_59' title='bbox 860 1337 1064 1402; x_wconf 74' lang='lat' dir='ltr'>quaecumque</span> <span class='ocrx_word' id='word_1_60' title='bbox 1073 1319 1178 1404; x_wconf 77' lang='lat' dir='ltr'>Apos-</span> 
     </span>
    </p>

    <p class='ocr_par' dir='ltr' id='par_1_3' title="bbox 208 1405 1179 1493">
     <span class='ocr_line' id='line_1_9' title="bbox 208 1405 1179 1493; baseline 0.011 -26"><span class='ocrx_word' id='word_1_61' title='bbox 208 1407 265 1469; x_wconf 89' lang='lat' dir='ltr'>toli</span> <span class='ocrx_word' id='word_1_62' title='bbox 282 1405 330 1468; x_wconf 85' lang='lat' dir='ltr'>seu</span> <span class='ocrx_word' id='word_1_63' title='bbox 347 1407 471 1489; x_wconf 87' lang='lat' dir='ltr'>scripto,</span> <span class='ocrx_word' id='word_1_64' title='bbox 489 1406 538 1469; x_wconf 89' lang='lat' dir='ltr'>seu</span> <span class='ocrx_word' id='word_1_65' title='bbox 554 1406 624 1469; x_wconf 78' lang='lat' dir='ltr'>vivd</span> <span class='ocrx_word' id='word_1_66' title='bbox 641 1426 718 1468; x_wconf 90' lang='lat' dir='ltr'>voce</span> <span class='ocrx_word' id='word_1_67' title='bbox 733 1407 920 1483; x_wconf 91' lang='lat' dir='ltr'>docuerunt,</span> <span class='ocrx_word' id='word_1_68' title='bbox 941 1428 1039 1493; x_wconf 90' lang='lat' dir='ltr'>prout</span> <span class='ocrx_word' id='word_1_69' title='bbox 1063 1412 1179 1478; x_wconf 79' lang='lat' dir='ltr'>Paulus</span> 
     </span>
    </p>

    <p class='ocr_par' dir='ltr' id='par_1_4' title="bbox 20 1464 1187 2602">
     <span class='ocr_line' id='line_1_10' title="bbox 20 1464 1180 1594; baseline 0.011 -37"><span class='ocrx_word' id='word_1_70' title='bbox 20 1479 60 1594; x_wconf 43' lang='grc' dir='ltr'>ᾗ·</span> <span class='ocrx_word' id='word_1_71' title='bbox 74 1464 192 1519; x_wconf 42' lang='grc' dir='ltr'>ΜΛ·</span> <span class='ocrx_word' id='word_1_72' title='bbox 207 1498 266 1579; x_wconf 89' lang='lat' dir='ltr'>ipse</span> <span class='ocrx_word' id='word_1_73' title='bbox 287 1497 392 1563; x_wconf 72' lang='lat' dir='ltr'>diserte</span> <span class='ocrx_word' id='word_1_74' title='bbox 410 1498 628 1561; x_wconf 84' lang='lat' dir='ltr'>demonstravit.</span> <span class='ocrx_word' id='word_1_75' title='bbox 649 1499 823 1562; x_wconf 73' lang='lat' dir='ltr'>Dodlriuam</span> <span class='ocrx_word' id='word_1_76' title='bbox 845 1519 944 1564; x_wconf 88' lang='lat' dir='ltr'>autem</span> <span class='ocrx_word' id='word_1_77' title='bbox 971 1504 1114 1587; x_wconf 84' lang='lat' dir='ltr'>aliquam</span> <span class='ocrx_word' id='word_1_78' title='bbox 1141 1508 1180 1570; x_wconf 89' lang='lat' dir='ltr'>ab</span> 
     </span>
     <span class='ocr_line' id='line_1_11' title="bbox 207 1590 1181 1677; baseline 0.011 -25"><span class='ocrx_word' id='word_1_79' title='bbox 207 1591 463 1674; x_wconf 77' lang='lat' dir='ltr'>Apostolisottam</span> <span class='ocrx_word' id='word_1_80' title='bbox 479 1590 535 1653; x_wconf 86' lang='lat' dir='ltr'>else</span> <span class='ocrx_word' id='word_1_81' title='bbox 551 1593 580 1653; x_wconf 94' lang='lat' dir='ltr'>id</span> <span class='ocrx_word' id='word_1_82' title='bbox 598 1591 779 1655; x_wconf 86' lang='lat' dir='ltr'>certiffimum</span> <span class='ocrx_word' id='word_1_83' title='bbox 799 1615 1010 1677; x_wconf 85' lang='lat' dir='ltr'>argumentum</span> <span class='ocrx_word' id='word_1_84' title='bbox 1020 1596 1090 1673; x_wconf 87' lang='lat' dir='ltr'>est,</span> <span class='ocrx_word' id='word_1_85' title='bbox 1108 1599 1181 1662; x_wconf 78' lang='lat' dir='ltr'>cium</span> 
     </span>
     <span class='ocr_line' id='line_1_12' title="bbox 207 1684 1185 1762; baseline 0.01 -17"><span class='ocrx_word' id='word_1_86' title='bbox 207 1685 225 1745; x_wconf 79' lang='lat' dir='ltr'>d</span> <span class='ocrx_word' id='word_1_87' title='bbox 239 1686 409 1748; x_wconf 83' lang='lat' dir='ltr'>Christianis</span> <span class='ocrx_word' id='word_1_88' title='bbox 420 1684 552 1748; x_wconf 84' lang='lat' dir='ltr'>Ecclelris</span> <span class='ocrx_word' id='word_1_89' title='bbox 563 1687 700 1747; x_wconf 90' lang='lat' dir='ltr'>omuibus</span> <span class='ocrx_word' id='word_1_90' title='bbox 712 1688 751 1748; x_wconf 89' lang='lat' dir='ltr'>ira</span> <span class='ocrx_word' id='word_1_91' title='bbox 765 1688 926 1762; x_wconf 85' lang='lat' dir='ltr'>retinetur,</span> <span class='ocrx_word' id='word_1_92' title='bbox 943 1706 977 1749; x_wconf 90' lang='lat' dir='ltr'>ut</span> <span class='ocrx_word' id='word_1_93' title='bbox 992 1691 1125 1753; x_wconf 89' lang='lat' dir='ltr'>initium</span> <span class='ocrx_word' id='word_1_94' title='bbox 1138 1691 1185 1755; x_wconf 86' lang='lat' dir='ltr'>as·</span> 
     </span>
     <span class='ocr_line' id='line_1_13' title="bbox 207 1761 1187 1863; baseline 0.01 -25"><span class='ocrx_word' id='word_1_95' title='bbox 207 1776 314 1861; x_wconf 78' lang='lat' dir='ltr'>signari</span> <span class='ocrx_word' id='word_1_96' title='bbox 324 1782 432 1841; x_wconf 90' lang='lat' dir='ltr'>nullum</span> <span class='ocrx_word' id='word_1_97' title='bbox 446 1777 536 1862; x_wconf 81' lang='lat' dir='ltr'>poffit.</span> <span class='ocrx_word' id='word_1_98' title='bbox 549 1777 756 1861; x_wconf 77' lang='lat' dir='ltr'>Quaecumque</span> <span class='ocrx_word' id='word_1_99' title='bbox 768 1780 841 1862; x_wconf 84' lang='lat' dir='ltr'>ergd</span> <span class='ocrx_word' id='word_1_100' title='bbox 851 1782 889 1843; x_wconf 88' lang='lat' dir='ltr'>ita</span> <span class='ocrx_word' id='word_1_101' title='bbox 899 1780 1072 1844; x_wconf 83' lang='lat' dir='ltr'>constitura</span> <span class='ocrx_word' id='word_1_102' title='bbox 1089 1761 1187 1863; x_wconf 78' lang='lat' dir='ltr'>sunt,¹</span> 
     </span>
     <span class='ocr_line' id='line_1_14' title="bbox 208 1871 1187 1954; baseline 0.007 -21"><span class='ocrx_word' id='word_1_103' title='bbox 208 1873 243 1933; x_wconf 77' lang='lat' dir='ltr'>ed</span> <span class='ocrx_word' id='word_1_104' title='bbox 265 1875 456 1935; x_wconf 86' lang='lat' dir='ltr'>veneratione</span> <span class='ocrx_word' id='word_1_105' title='bbox 474 1871 768 1954; x_wconf 84' lang='lat' dir='ltr'>prosequimur,quae</span> <span class='ocrx_word' id='word_1_106' title='bbox 776 1875 883 1935; x_wconf 83' lang='lat' dir='ltr'>divinae</span> <span class='ocrx_word' id='word_1_107' title='bbox 897 1875 1030 1937; x_wconf 91' lang='lat' dir='ltr'>debetur</span> <span class='ocrx_word' id='word_1_108' title='bbox 1041 1877 1187 1942; x_wconf 72' lang='lat' dir='ltr'>auetori-</span> 
     </span>
     <span class='ocr_line' id='line_1_15' title="bbox 207 1962 1184 2048; baseline 0.012 -24"><span class='ocrx_word' id='word_1_109' title='bbox 207 1965 278 2026; x_wconf 85' lang='lat' dir='ltr'>rari:</span> <span class='ocrx_word' id='word_1_110' title='bbox 291 1965 473 2048; x_wconf 89' lang='lat' dir='ltr'>eundemque</span> <span class='ocrx_word' id='word_1_111' title='bbox 489 1962 545 2026; x_wconf 84' lang='lat' dir='ltr'>else</span> <span class='ocrx_word' id='word_1_112' title='bbox 557 1964 799 2028; x_wconf 88' lang='lat' dir='ltr'>Calviuianorum</span> <span class='ocrx_word' id='word_1_113' title='bbox 809 1967 942 2027; x_wconf 89' lang='lat' dir='ltr'>intimum</span> <span class='ocrx_word' id='word_1_114' title='bbox 955 1967 1079 2032; x_wconf 87' lang='lat' dir='ltr'>sensum</span> <span class='ocrx_word' id='word_1_115' title='bbox 1094 2018 1105 2047; x_wconf 96' lang='lat'>,</span> <span class='ocrx_word' id='word_1_116' title='bbox 1121 1992 1184 2035; x_wconf 89' lang='lat' dir='ltr'>eo·</span> 
     </span>
     <span class='ocr_line' id='line_1_16' title="bbox 206 2058 1183 2141; baseline 0.01 -23"><span class='ocrx_word' id='word_1_117' title='bbox 206 2077 292 2132; x_wconf 92' lang='lat' dir='ltr'>tum,</span> <span class='ocrx_word' id='word_1_118' title='bbox 308 2061 357 2141; x_wconf 93' lang='lat' dir='ltr'>qui</span> <span class='ocrx_word' id='word_1_119' title='bbox 371 2062 539 2141; x_wconf 85' lang='lat' dir='ltr'>pervicaces</span> <span class='ocrx_word' id='word_1_120' title='bbox 552 2076 612 2119; x_wconf 94' lang='lat' dir='ltr'>non</span> <span class='ocrx_word' id='word_1_121' title='bbox 631 2058 711 2131; x_wconf 88' lang='lat' dir='ltr'>sunt,</span> <span class='ocrx_word' id='word_1_122' title='bbox 728 2058 891 2140; x_wconf 88' lang='lat' dir='ltr'>persuasum</span> <span class='ocrx_word' id='word_1_123' title='bbox 910 2059 1064 2124; x_wconf 85' lang='lat' dir='ltr'>habemus</span> <span class='ocrx_word' id='word_1_124' title='bbox 1079 2084 1092 2137; x_wconf 91' lang='lat'>;</span> <span class='ocrx_word' id='word_1_125' title='bbox 1108 2066 1183 2128; x_wconf 85' lang='lat' dir='ltr'>citur</span> 
     </span>
     <span class='ocr_line' id='line_1_17' title="bbox 207 2149 1186 2234; baseline 0.009 -22"><span class='ocrx_word' id='word_1_126' title='bbox 207 2153 287 2212; x_wconf 88' lang='lat' dir='ltr'>credi</span> <span class='ocrx_word' id='word_1_127' title='bbox 296 2171 356 2213; x_wconf 91' lang='lat' dir='ltr'>non</span> <span class='ocrx_word' id='word_1_128' title='bbox 369 2149 451 2234; x_wconf 82' lang='lat' dir='ltr'>polsrr</span> <span class='ocrx_word' id='word_1_129' title='bbox 466 2153 502 2211; x_wconf 90' lang='lat' dir='ltr'>ab</span> <span class='ocrx_word' id='word_1_130' title='bbox 511 2150 571 2212; x_wconf 89' lang='lat' dir='ltr'>alio</span> <span class='ocrx_word' id='word_1_131' title='bbox 584 2150 686 2224; x_wconf 89' lang='lat' dir='ltr'>sonte,</span> <span class='ocrx_word' id='word_1_132' title='bbox 700 2152 786 2232; x_wconf 72' lang='lat' dir='ltr'>quam</span> <span class='ocrx_word' id='word_1_133' title='bbox 799 2154 835 2211; x_wconf 88' lang='lat' dir='ltr'>ab</span> <span class='ocrx_word' id='word_1_134' title='bbox 847 2150 1004 2233; x_wconf 81' lang='lat' dir='ltr'>Apostolis</span> <span class='ocrx_word' id='word_1_135' title='bbox 1016 2172 1092 2217; x_wconf 85' lang='lat' dir='ltr'>orta</span> <span class='ocrx_word' id='word_1_136' title='bbox 1103 2159 1186 2222; x_wconf 90' lang='lat' dir='ltr'>doc·</span> 
     </span>
     <span class='ocr_line' id='line_1_18' title="bbox 207 2241 1178 2331; baseline 0.012 -29"><span class='ocrx_word' id='word_1_137' title='bbox 207 2246 302 2315; x_wconf 86' lang='lat' dir='ltr'>trina,</span> <span class='ocrx_word' id='word_1_138' title='bbox 320 2244 434 2326; x_wconf 79' lang='lat' dir='ltr'>quaeab</span> <span class='ocrx_word' id='word_1_139' title='bbox 453 2241 516 2325; x_wconf 82' lang='lat' dir='ltr'>ipsis</span> <span class='ocrx_word' id='word_1_140' title='bbox 530 2241 662 2304; x_wconf 79' lang='lat' dir='ltr'>Ecclesiae</span> <span class='ocrx_word' id='word_1_141' title='bbox 684 2244 850 2324; x_wconf 86' lang='lat' dir='ltr'>primordiis</span> <span class='ocrx_word' id='word_1_142' title='bbox 861 2244 1039 2328; x_wconf 84' lang='lat' dir='ltr'>acceptasrt.</span> <span class='ocrx_word' id='word_1_143' title='bbox 1056 2249 1178 2331; x_wconf 84' lang='lat' dir='ltr'>Quare</span> 
     </span>
     <span class='ocr_line' id='line_1_19' title="bbox 206 2332 1183 2416; baseline 0.011 -20"><span class='ocrx_word' id='word_1_144' title='bbox 206 2337 305 2397; x_wconf 91' lang='lat' dir='ltr'>mirari</span> <span class='ocrx_word' id='word_1_145' title='bbox 320 2356 380 2396; x_wconf 91' lang='lat' dir='ltr'>uon</span> <span class='ocrx_word' id='word_1_146' title='bbox 397 2337 502 2397; x_wconf 86' lang='lat' dir='ltr'>debent</span> <span class='ocrx_word' id='word_1_147' title='bbox 512 2332 700 2407; x_wconf 82' lang='lat' dir='ltr'>Adversarii,</span> <span class='ocrx_word' id='word_1_148' title='bbox 720 2334 852 2397; x_wconf 74' lang='lat' dir='ltr'>strelidla</span> <span class='ocrx_word' id='word_1_149' title='bbox 870 2340 886 2398; x_wconf 78' lang='lat' dir='ltr'>a</span> <span class='ocrx_word' id='word_1_150' title='bbox 913 2337 1091 2416; x_wconf 86' lang='lat' dir='ltr'>majoribus</span> <span class='ocrx_word' id='word_1_151' title='bbox 1109 2363 1183 2406; x_wconf 89' lang='lat' dir='ltr'>orn·</span> 
     </span>
     <span class='ocr_line' id='line_1_20' title="bbox 204 2426 1182 2519; baseline 0.013 -31"><span class='ocrx_word' id='word_1_152' title='bbox 204 2428 254 2488; x_wconf 91' lang='lat' dir='ltr'>nia</span> <span class='ocrx_word' id='word_1_153' title='bbox 272 2430 413 2509; x_wconf 83' lang='lat' dir='ltr'>colligere</span> <span class='ocrx_word' id='word_1_154' title='bbox 434 2427 570 2502; x_wconf 80' lang='lat' dir='ltr'>studiosi,</span> <span class='ocrx_word' id='word_1_155' title='bbox 585 2426 768 2490; x_wconf 86' lang='lat' dir='ltr'>Traditionis</span> <span class='ocrx_word' id='word_1_156' title='bbox 790 2429 931 2512; x_wconf 78' lang='lat' dir='ltr'>perinde,</span> <span class='ocrx_word' id='word_1_157' title='bbox 944 2450 982 2494; x_wconf 88' lang='lat' dir='ltr'>ac</span> <span class='ocrx_word' id='word_1_158' title='bbox 996 2433 1182 2519; x_wconf 56' lang='lat' dir='ltr'>Scripturas</span> 
     </span>
     <span class='ocr_line' id='line_1_21' title="bbox 204 2520 602 2602; baseline 0.003 -21"><span class='ocrx_word' id='word_1_159' title='bbox 204 2540 269 2582; x_wconf 91' lang='lat' dir='ltr'>rum</span> <span class='ocrx_word' id='word_1_160' title='bbox 282 2520 443 2602; x_wconf 79' lang='lat' dir='ltr'>depositum</span> <span class='ocrx_word' id='word_1_161' title='bbox 457 2539 602 2583; x_wconf 84' lang='lat' dir='ltr'>tueamur.</span> 
     </span>
    </p>

    <p class='ocr_par' dir='ltr' id='par_1_5' title="bbox 13 2612 1182 2883">
     <span class='ocr_line' id='line_1_22' title="bbox 68 2612 1182 2702; baseline 0.011 -28"><span class='ocrx_word' id='word_1_162' title='bbox 68 2647 138 2702; x_wconf 63' lang='lat' dir='ltr'><em>m</em></span> <span class='ocrx_word' id='word_1_163' title='bbox 249 2614 298 2675; x_wconf 77' lang='lat' dir='ltr'>Ab</span> <span class='ocrx_word' id='word_1_164' title='bbox 311 2614 436 2677; x_wconf 80' lang='lat' dir='ltr'>Ecclesrd</span> <span class='ocrx_word' id='word_1_165' title='bbox 447 2615 660 2697; x_wconf 87' lang='lat' dir='ltr'>Scripturarum</span> <span class='ocrx_word' id='word_1_166' title='bbox 673 2612 1046 2696; x_wconf 83' lang='lat' dir='ltr'>Traditionisquecullode</span> <span class='ocrx_word' id='word_1_167' title='bbox 1066 2621 1182 2686; x_wconf 88' lang='lat' dir='ltr'>divino</span> 
     </span>
     <span class='ocr_line' id='line_1_23' title="bbox 13 2706 1178 2790; baseline 0.009 -22"><span class='ocrx_word' id='word_1_168' title='bbox 13 2719 190 2773; x_wconf 74' lang='lat' dir='ltr'>Ecclefiaruc·</span> <span class='ocrx_word' id='word_1_169' title='bbox 204 2707 440 2770; x_wconf 77' lang='lat' dir='ltr'>uumconnitum</span> <span class='ocrx_word' id='word_1_170' title='bbox 452 2753 460 2782; x_wconf 93' lang='lat'>,</span> <span class='ocrx_word' id='word_1_171' title='bbox 473 2706 634 2790; x_wconf 84' lang='lat' dir='ltr'>Scripturas</span> <span class='ocrx_word' id='word_1_172' title='bbox 647 2708 809 2790; x_wconf 88' lang='lat' dir='ltr'>accepimus</span> <span class='ocrx_word' id='word_1_173' title='bbox 823 2728 829 2767; x_wconf 92' lang='lat'>:</span> <span class='ocrx_word' id='word_1_174' title='bbox 841 2711 934 2788; x_wconf 71' lang='lat' dir='ltr'>eaque</span> <span class='ocrx_word' id='word_1_175' title='bbox 947 2713 1090 2777; x_wconf 74' lang='lat' dir='ltr'>maximd</span> <span class='ocrx_word' id='word_1_176' title='bbox 1099 2735 1178 2778; x_wconf 88' lang='lat' dir='ltr'>auc-</span> 
     </span>
     <span class='ocr_line' id='line_1_24' title="bbox 13 2791 1181 2883; baseline 0.009 -22"><span class='ocrx_word' id='word_1_177' title='bbox 13 2791 112 2845; x_wconf 63' lang='lat' dir='ltr'>²⁰¹¹s³50</span> <span class='ocrx_word' id='word_1_178' title='bbox 204 2801 326 2864; x_wconf 90' lang='lat' dir='ltr'>toritate</span> <span class='ocrx_word' id='word_1_179' title='bbox 348 2798 555 2874; x_wconf 79' lang='lat' dir='ltr'>Adversarius,</span> <span class='ocrx_word' id='word_1_180' title='bbox 569 2801 706 2882; x_wconf 91' lang='lat' dir='ltr'>quidquid</span> <span class='ocrx_word' id='word_1_181' title='bbox 719 2801 815 2862; x_wconf 87' lang='lat' dir='ltr'>dicant</span> <span class='ocrx_word' id='word_1_182' title='bbox 827 2846 837 2874; x_wconf 96' lang='lat'>,</span> <span class='ocrx_word' id='word_1_183' title='bbox 850 2802 929 2883; x_wconf 91' lang='lat' dir='ltr'>adigi</span> <span class='ocrx_word' id='word_1_184' title='bbox 943 2803 1124 2879; x_wconf 82' lang='lat' dir='ltr'>credimus,</span> <span class='ocrx_word' id='word_1_185' title='bbox 1143 2826 1181 2870; x_wconf 89' lang='lat' dir='ltr'>ut</span> 
     </span>
    </p>

    <p class='ocr_par' dir='ltr' id='par_1_6' title="bbox 119 2890 1178 3720">
     <span class='ocr_line' id='line_1_25' title="bbox 203 2890 1177 2975; baseline 0.008 -20"><span class='ocrx_word' id='word_1_186' title='bbox 203 2893 359 2956; x_wconf 86' lang='lat' dir='ltr'>Canticum</span> <span class='ocrx_word' id='word_1_187' title='bbox 377 2893 568 2955; x_wconf 84' lang='lat' dir='ltr'>Canticorum</span> <span class='ocrx_word' id='word_1_188' title='bbox 589 2938 598 2965; x_wconf 94' lang='lat'>,</span> <span class='ocrx_word' id='word_1_189' title='bbox 620 2894 650 2954; x_wconf 90' lang='lat' dir='ltr'>in</span> <span class='ocrx_word' id='word_1_190' title='bbox 673 2913 733 2975; x_wconf 89' lang='lat' dir='ltr'>quo</span> <span class='ocrx_word' id='word_1_191' title='bbox 753 2893 812 2954; x_wconf 71' lang='lat' dir='ltr'>rim</span> <span class='ocrx_word' id='word_1_192' title='bbox 832 2912 923 2973; x_wconf 87' lang='lat' dir='ltr'>pauca</span> <span class='ocrx_word' id='word_1_193' title='bbox 945 2890 1015 2956; x_wconf 89' lang='lat' dir='ltr'>sunt</span> <span class='ocrx_word' id='word_1_194' title='bbox 1039 2896 1177 2963; x_wconf 86' lang='lat' dir='ltr'>senlibus</span> 
     </span>
     <span class='ocr_line' id='line_1_26' title="bbox 205 2985 1176 3069; baseline 0.007 -21"><span class='ocrx_word' id='word_1_195' title='bbox 205 2988 295 3048; x_wconf 87' lang='lat' dir='ltr'>obvia</span> <span class='ocrx_word' id='word_1_196' title='bbox 307 3032 315 3061; x_wconf 93' lang='lat'>,</span> <span class='ocrx_word' id='word_1_197' title='bbox 326 3006 394 3068; x_wconf 82' lang='lat' dir='ltr'>quae</span> <span class='ocrx_word' id='word_1_198' title='bbox 405 2986 506 3047; x_wconf 93' lang='lat' dir='ltr'>divino</span> <span class='ocrx_word' id='word_1_199' title='bbox 518 2985 642 3047; x_wconf 84' lang='lat' dir='ltr'>afflatum</span> <span class='ocrx_word' id='word_1_200' title='bbox 659 2985 769 3069; x_wconf 87' lang='lat' dir='ltr'>Spiritu</span> <span class='ocrx_word' id='word_1_201' title='bbox 790 2986 971 3067; x_wconf 86' lang='lat' dir='ltr'>Prophetatn-</span> <span class='ocrx_word' id='word_1_202' title='bbox 979 2988 1149 3054; x_wconf 88' lang='lat' dir='ltr'>redoleant</span> <span class='ocrx_word' id='word_1_203' title='bbox 1163 3013 1176 3067; x_wconf 91' lang='lat'>;</span> 
     </span>
     <span class='ocr_line' id='line_1_27' title="bbox 204 3077 1176 3161; baseline 0.007 -21"><span class='ocrx_word' id='word_1_204' title='bbox 204 3078 359 3160; x_wconf 84' lang='lat' dir='ltr'>Epistolam</span> <span class='ocrx_word' id='word_1_205' title='bbox 377 3098 496 3161; x_wconf 91' lang='lat' dir='ltr'>quoque</span> <span class='ocrx_word' id='word_1_206' title='bbox 508 3079 540 3139; x_wconf 89' lang='lat' dir='ltr'>B.</span> <span class='ocrx_word' id='word_1_207' title='bbox 555 3079 657 3140; x_wconf 87' lang='lat' dir='ltr'>Jacobi</span> <span class='ocrx_word' id='word_1_208' title='bbox 670 3099 756 3161; x_wconf 88' lang='lat' dir='ltr'>quam</span> <span class='ocrx_word' id='word_1_209' title='bbox 773 3077 871 3157; x_wconf 88' lang='lat' dir='ltr'>rejicit</span> <span class='ocrx_word' id='word_1_210' title='bbox 883 3080 1031 3142; x_wconf 81' lang='lat' dir='ltr'>Lutlrerus</span> <span class='ocrx_word' id='word_1_211' title='bbox 1047 3127 1059 3157; x_wconf 92' lang='lat'>,</span> <span class='ocrx_word' id='word_1_212' title='bbox 1081 3084 1115 3146; x_wconf 77' lang='lat' dir='ltr'>dt</span> <span class='ocrx_word' id='word_1_213' title='bbox 1139 3085 1176 3147; x_wconf 88' lang='lat' dir='ltr'>B.</span> 
     </span>
     <span class='ocr_line' id='line_1_28' title="bbox 203 3171 1178 3255; baseline 0.009 -24"><span class='ocrx_word' id='word_1_214' title='bbox 203 3171 301 3245; x_wconf 72' lang='lat' dir='ltr'>Iudae,</span> <span class='ocrx_word' id='word_1_215' title='bbox 318 3192 384 3255; x_wconf 86' lang='lat' dir='ltr'>quae</span> <span class='ocrx_word' id='word_1_216' title='bbox 405 3187 525 3254; x_wconf 92' lang='lat' dir='ltr'>propter</span> <span class='ocrx_word' id='word_1_217' title='bbox 546 3175 651 3233; x_wconf 86' lang='lat' dir='ltr'>citatos</span> <span class='ocrx_word' id='word_1_218' title='bbox 669 3172 829 3234; x_wconf 88' lang='lat' dir='ltr'>nonnullos</span> <span class='ocrx_word' id='word_1_219' title='bbox 841 3171 1048 3254; x_wconf 81' lang='lat' dir='ltr'>Apocryplros</span> <span class='ocrx_word' id='word_1_220' title='bbox 1061 3175 1178 3240; x_wconf 86' lang='lat' dir='ltr'>Libros</span> 
     </span>
     <span class='ocr_line' id='line_1_29' title="bbox 202 3260 1175 3346; baseline 0.01 -23"><span class='ocrx_word' id='word_1_221' title='bbox 202 3261 328 3346; x_wconf 72' lang='lat' dir='ltr'>sulpeila</span> <span class='ocrx_word' id='word_1_222' title='bbox 346 3266 441 3326; x_wconf 88' lang='lat' dir='ltr'>videri</span> <span class='ocrx_word' id='word_1_223' title='bbox 464 3260 581 3346; x_wconf 87' lang='lat' dir='ltr'>pollet,</span> <span class='ocrx_word' id='word_1_224' title='bbox 600 3280 633 3324; x_wconf 87' lang='lat' dir='ltr'>ut</span> <span class='ocrx_word' id='word_1_225' title='bbox 654 3263 759 3326; x_wconf 85' lang='lat' dir='ltr'>Libros</span> <span class='ocrx_word' id='word_1_226' title='bbox 773 3262 868 3326; x_wconf 86' lang='lat' dir='ltr'>sacros</span> <span class='ocrx_word' id='word_1_227' title='bbox 890 3282 1089 3329; x_wconf 83' lang='lat' dir='ltr'>venerentur.</span> <span class='ocrx_word' id='word_1_228' title='bbox 1106 3270 1175 3334; x_wconf 70' lang='lat' dir='ltr'>Hic</span> 
     </span>
     <span class='ocr_line' id='line_1_30' title="bbox 202 3354 1174 3446; baseline 0.002 -26"><span class='ocrx_word' id='word_1_229' title='bbox 202 3358 262 3420; x_wconf 78' lang='lat' dir='ltr'>unai</span> <span class='ocrx_word' id='word_1_230' title='bbox 276 3359 402 3440; x_wconf 85' lang='lat' dir='ltr'>denique</span> <span class='ocrx_word' id='word_1_231' title='bbox 415 3357 586 3419; x_wconf 67' lang='lat' dir='ltr'>austeritate</span> <span class='ocrx_word' id='word_1_232' title='bbox 600 3355 663 3417; x_wconf 84' lang='lat' dir='ltr'>ficri</span> <span class='ocrx_word' id='word_1_233' title='bbox 676 3354 771 3439; x_wconf 86' lang='lat' dir='ltr'>potest</span> <span class='ocrx_word' id='word_1_234' title='bbox 782 3402 791 3430; x_wconf 92' lang='lat'>‚</span> <span class='ocrx_word' id='word_1_235' title='bbox 801 3375 832 3418; x_wconf 94' lang='lat' dir='ltr'>ut</span> <span class='ocrx_word' id='word_1_236' title='bbox 841 3375 949 3439; x_wconf 88' lang='lat' dir='ltr'>corpus</span> <span class='ocrx_word' id='word_1_237' title='bbox 960 3375 1054 3420; x_wconf 91' lang='lat' dir='ltr'>omne</span> <span class='ocrx_word' id='word_1_238' title='bbox 1068 3358 1174 3446; x_wconf 82' lang='lat' dir='ltr'>Scrip-</span> 
     </span>
     <span class='ocr_line' id='line_1_31' title="bbox 202 3448 1172 3533; baseline 0.005 -22"><span class='ocrx_word' id='word_1_239' title='bbox 202 3468 332 3513; x_wconf 88' lang='lat' dir='ltr'>turarum</span> <span class='ocrx_word' id='word_1_240' title='bbox 356 3451 582 3533; x_wconf 76' lang='lat' dir='ltr'>ampledlantur,</span> <span class='ocrx_word' id='word_1_241' title='bbox 605 3469 677 3531; x_wconf 88' lang='lat' dir='ltr'>quas</span> <span class='ocrx_word' id='word_1_242' title='bbox 699 3448 855 3510; x_wconf 81' lang='lat' dir='ltr'>Christiani</span> <span class='ocrx_word' id='word_1_243' title='bbox 873 3466 905 3509; x_wconf 91' lang='lat' dir='ltr'>ur</span> <span class='ocrx_word' id='word_1_244' title='bbox 924 3449 1041 3512; x_wconf 85' lang='lat' dir='ltr'>divinas</span> <span class='ocrx_word' id='word_1_245' title='bbox 1061 3453 1172 3516; x_wconf 85' lang='lat' dir='ltr'>obser·</span> 
     </span>
     <span class='ocr_line' id='line_1_32' title="bbox 201 3542 1168 3628; baseline 0.009 -26"><span class='ocrx_word' id='word_1_246' title='bbox 201 3561 293 3618; x_wconf 85' lang='lat' dir='ltr'>vant,</span> <span class='ocrx_word' id='word_1_247' title='bbox 305 3543 465 3626; x_wconf 76' lang='lat' dir='ltr'>antequdm</span> <span class='ocrx_word' id='word_1_248' title='bbox 478 3544 609 3603; x_wconf 91' lang='lat' dir='ltr'>divinum</span> <span class='ocrx_word' id='word_1_249' title='bbox 622 3545 652 3602; x_wconf 90' lang='lat' dir='ltr'>in</span> <span class='ocrx_word' id='word_1_250' title='bbox 665 3543 708 3604; x_wconf 86' lang='lat' dir='ltr'>lrls</span> <span class='ocrx_word' id='word_1_251' title='bbox 721 3542 814 3604; x_wconf 89' lang='lat' dir='ltr'>Libris</span> <span class='ocrx_word' id='word_1_252' title='bbox 825 3559 1000 3624; x_wconf 85' lang='lat' dir='ltr'>operantem</span> <span class='ocrx_word' id='word_1_253' title='bbox 1017 3543 1168 3628; x_wconf 80' lang='lat' dir='ltr'>Spiritum</span> 
     </span>
     <span class='ocr_line' id='line_1_33' title="bbox 119 3636 593 3720; baseline -0.021 -15"><span class='ocrx_word' id='word_1_254' title='bbox 119 3700 123 3705; x_wconf 89' lang='lat'>.</span> <span class='ocrx_word' id='word_1_255' title='bbox 202 3636 593 3720; x_wconf 78' lang='lat' dir='ltr'>ledlionedeptehenderiut.</span> 
     </span>
    </p>

    <p class='ocr_par' dir='ltr' id='par_1_7' title="bbox 198 3726 1168 4090">
     <span class='ocr_line' id='line_1_34' title="bbox 248 3726 1167 3814; baseline 0.001 -22"><span class='ocrx_word' id='word_1_256' title='bbox 248 3731 324 3792; x_wconf 80' lang='lat' dir='ltr'>Citm</span> <span class='ocrx_word' id='word_1_257' title='bbox 339 3733 426 3814; x_wconf 79' lang='lat' dir='ltr'>igitur</span> <span class='ocrx_word' id='word_1_258' title='bbox 439 3729 524 3791; x_wconf 85' lang='lat' dir='ltr'>sacrae</span> <span class='ocrx_word' id='word_1_259' title='bbox 539 3726 670 3789; x_wconf 75' lang='lat' dir='ltr'>Ecclesiae</span> <span class='ocrx_word' id='word_1_260' title='bbox 682 3726 848 3790; x_wconf 78' lang='lat' dir='ltr'>autlorimi</span> <span class='ocrx_word' id='word_1_261' title='bbox 861 3742 1059 3808; x_wconf 83' lang='lat' dir='ltr'>peracceptas</span> <span class='ocrx_word' id='word_1_262' title='bbox 1080 3730 1167 3793; x_wconf 78' lang='lat' dir='ltr'>abed</span> 
     </span>
     <span class='ocr_line' id='line_1_35' title="bbox 200 3818 1168 3906; baseline 0 -21"><span class='ocrx_word' id='word_1_263' title='bbox 200 3823 363 3906; x_wconf 85' lang='lat' dir='ltr'>Scripturas</span> <span class='ocrx_word' id='word_1_264' title='bbox 375 3819 530 3884; x_wconf 71' lang='lat' dir='ltr'>firmissime</span> <span class='ocrx_word' id='word_1_265' title='bbox 541 3869 549 3895; x_wconf 90' lang='lat'>‚</span> <span class='ocrx_word' id='word_1_266' title='bbox 560 3840 646 3903; x_wconf 91' lang='lat' dir='ltr'>arque</span> <span class='ocrx_word' id='word_1_267' title='bbox 660 3818 802 3881; x_wconf 91' lang='lat' dir='ltr'>insolubili</span> <span class='ocrx_word' id='word_1_268' title='bbox 813 3820 936 3881; x_wconf 86' lang='lat' dir='ltr'>vinculo</span> <span class='ocrx_word' id='word_1_269' title='bbox 946 3820 1168 3897; x_wconf 68' lang='lat' dir='ltr'>inhereamus,</span> 
     </span>
     <span class='ocr_line' id='line_1_36' title="bbox 199 3910 1165 3991; baseline 0.002 -15"><span class='ocrx_word' id='word_1_270' title='bbox 199 3915 405 3979; x_wconf 89' lang='lat' dir='ltr'>Traditionem</span> <span class='ocrx_word' id='word_1_271' title='bbox 423 3915 534 3985; x_wconf 88' lang='lat' dir='ltr'>etiam,</span> <span class='ocrx_word' id='word_1_272' title='bbox 555 3911 657 3974; x_wconf 69' lang='lat' dir='ltr'>eidem</span> <span class='ocrx_word' id='word_1_273' title='bbox 670 3915 814 3983; x_wconf 86' lang='lat' dir='ltr'>docente,</span> <span class='ocrx_word' id='word_1_274' title='bbox 829 3913 859 3972; x_wconf 81' lang='lat' dir='ltr'>dt</span> <span class='ocrx_word' id='word_1_275' title='bbox 880 3932 932 3991; x_wconf 91' lang='lat' dir='ltr'>per</span> <span class='ocrx_word' id='word_1_276' title='bbox 945 3910 1165 3978; x_wconf 82' lang='lat' dir='ltr'>Traditionem</span> 
     </span>
     <span class='ocr_line' id='line_1_37' title="bbox 198 4002 1165 4090; baseline 0.002 -23"><span class='ocrx_word' id='word_1_277' title='bbox 198 4011 524 4090; x_wconf 87' lang='lat' dir='ltr'>verumScripturarum</span> <span class='ocrx_word' id='word_1_278' title='bbox 538 4004 645 4068; x_wconf 85' lang='lat' dir='ltr'>sensum</span> <span class='ocrx_word' id='word_1_279' title='bbox 671 4008 834 4088; x_wconf 87' lang='lat' dir='ltr'>accipimus.</span> <span class='ocrx_word' id='word_1_280' title='bbox 853 4002 958 4083; x_wconf 89' lang='lat' dir='ltr'>Quare</span> <span class='ocrx_word' id='word_1_281' title='bbox 979 4006 1055 4067; x_wconf 88' lang='lat' dir='ltr'>nihil</span> <span class='ocrx_word' id='word_1_282' title='bbox 1078 4005 1108 4070; x_wconf 90' lang='lat' dir='ltr'>se</span> <span class='ocrx_word' id='word_1_283' title='bbox 1124 4028 1165 4069; x_wconf 84' lang='lat' dir='ltr'>ex</span> 
     </span>
    </p>

    <p class='ocr_par' dir='ltr' id='par_1_8' title="bbox 84 4096 1166 4461">
     <span class='ocr_line' id='line_1_38' title="bbox 84 4096 1163 4184; baseline -0.001 -21"><span class='ocrx_word' id='word_1_284' title='bbox 84 4110 92 4127; x_wconf 89' lang='lat'>&#39;</span> <span class='ocrx_word' id='word_1_285' title='bbox 198 4101 226 4163; x_wconf 89' lang='lat' dir='ltr'>se</span> <span class='ocrx_word' id='word_1_286' title='bbox 238 4102 300 4184; x_wconf 69' lang='lat' dir='ltr'>ipsi</span> <span class='ocrx_word' id='word_1_287' title='bbox 315 4102 432 4173; x_wconf 89' lang='lat' dir='ltr'>dicere,</span> <span class='ocrx_word' id='word_1_288' title='bbox 453 4100 523 4160; x_wconf 89' lang='lat' dir='ltr'>nihil</span> <span class='ocrx_word' id='word_1_289' title='bbox 538 4097 564 4159; x_wconf 86' lang='lat' dir='ltr'>le</span> <span class='ocrx_word' id='word_1_290' title='bbox 582 4100 654 4161; x_wconf 91' lang='lat' dir='ltr'>novi</span> <span class='ocrx_word' id='word_1_291' title='bbox 672 4100 815 4179; x_wconf 83' lang='lat' dir='ltr'>dogmatis</span> <span class='ocrx_word' id='word_1_292' title='bbox 835 4096 1009 4159; x_wconf 87' lang='lat' dir='ltr'>adinvenire</span> <span class='ocrx_word' id='word_1_293' title='bbox 1029 4098 1163 4178; x_wconf 85' lang='lat' dir='ltr'>profite-</span> 
     </span>
     <span class='ocr_line' id='line_1_39' title="bbox 198 4188 1166 4272; baseline -0.003 -17"><span class='ocrx_word' id='word_1_294' title='bbox 198 4214 246 4255; x_wconf 92' lang='lat' dir='ltr'>tur</span> <span class='ocrx_word' id='word_1_295' title='bbox 262 4195 388 4255; x_wconf 82' lang='lat' dir='ltr'>Ecclesia</span> <span class='ocrx_word' id='word_1_296' title='bbox 407 4217 412 4252; x_wconf 96' lang='lat'>:</span> <span class='ocrx_word' id='word_1_297' title='bbox 429 4213 464 4253; x_wconf 90' lang='lat' dir='ltr'>ea</span> <span class='ocrx_word' id='word_1_298' title='bbox 477 4192 607 4264; x_wconf 77' lang='lat' dir='ltr'>tantiam,</span> <span class='ocrx_word' id='word_1_299' title='bbox 622 4211 686 4271; x_wconf 80' lang='lat' dir='ltr'>quae</span> <span class='ocrx_word' id='word_1_300' title='bbox 705 4188 847 4250; x_wconf 80' lang='lat' dir='ltr'>divinitus</span> <span class='ocrx_word' id='word_1_301' title='bbox 862 4188 994 4250; x_wconf 83' lang='lat' dir='ltr'>revelata</span> <span class='ocrx_word' id='word_1_302' title='bbox 1014 4188 1080 4251; x_wconf 88' lang='lat' dir='ltr'>sunt</span> <span class='ocrx_word' id='word_1_303' title='bbox 1100 4193 1166 4272; x_wconf 87' lang='lat' dir='ltr'>Spi-</span> 
     </span>
     <span class='ocr_line' id='line_1_40' title="bbox 199 4280 1166 4366; baseline -0.003 -18"><span class='ocrx_word' id='word_1_304' title='bbox 199 4289 256 4348; x_wconf 90' lang='lat' dir='ltr'>ritu</span> <span class='ocrx_word' id='word_1_305' title='bbox 274 4286 385 4359; x_wconf 75' lang='lat' dir='ltr'>strntio,</span> <span class='ocrx_word' id='word_1_306' title='bbox 406 4305 492 4366; x_wconf 89' lang='lat' dir='ltr'>quem</span> <span class='ocrx_word' id='word_1_307' title='bbox 512 4283 677 4346; x_wconf 73' lang='lat' dir='ltr'>Doilorem</span> <span class='ocrx_word' id='word_1_308' title='bbox 694 4282 830 4366; x_wconf 89' lang='lat' dir='ltr'>accepit,</span> <span class='ocrx_word' id='word_1_309' title='bbox 851 4280 929 4342; x_wconf 80' lang='lat' dir='ltr'>iuriis</span> <span class='ocrx_word' id='word_1_310' title='bbox 947 4281 1097 4364; x_wconf 87' lang='lat' dir='ltr'>dirigente</span> <span class='ocrx_word' id='word_1_311' title='bbox 1119 4283 1166 4345; x_wconf 90' lang='lat' dir='ltr'>se·</span> 
     </span>
     <span class='ocr_line' id='line_1_41' title="bbox 199 4379 487 4461; baseline -0.014 -21"><span class='ocrx_word' id='word_1_312' title='bbox 199 4379 299 4461; x_wconf 89' lang='lat' dir='ltr'>quitur</span> <span class='ocrx_word' id='word_1_313' title='bbox 313 4379 341 4438; x_wconf 85' lang='lat' dir='ltr'>dt</span> <span class='ocrx_word' id='word_1_314' title='bbox 356 4380 487 4459; x_wconf 84' lang='lat' dir='ltr'>exponit.</span> 
     </span>
    </p>
   </div>
   <div class='ocr_carea' id='block_1_3' title="bbox 244 4466 1171 4556">
    <p class='ocr_par' dir='ltr' id='par_1_9' title="bbox 244 4466 1171 4556">
     <span class='ocr_line' id='line_1_42' title="bbox 244 4466 1171 4556; baseline -0.005 -23"><span class='ocrx_word' id='word_1_315' title='bbox 244 4470 377 4536; x_wconf 72' lang='lat' dir='ltr'>Sanslum</span> <span class='ocrx_word' id='word_1_316' title='bbox 391 4469 489 4555; x_wconf 85' lang='lat' dir='ltr'>porrd</span> <span class='ocrx_word' id='word_1_317' title='bbox 507 4469 650 4554; x_wconf 88' lang='lat' dir='ltr'>Spiritum</span> <span class='ocrx_word' id='word_1_318' title='bbox 665 4466 725 4554; x_wconf 73' lang='lat' dir='ltr'>ipsi</span> <span class='ocrx_word' id='word_1_319' title='bbox 743 4467 786 4530; x_wconf 91' lang='lat' dir='ltr'>uti</span> <span class='ocrx_word' id='word_1_320' title='bbox 797 4467 957 4552; x_wconf 86' lang='lat' dir='ltr'>interprete</span> <span class='ocrx_word' id='word_1_321' title='bbox 979 4466 1111 4532; x_wconf 89' lang='lat' dir='ltr'>ollendir</span> <span class='ocrx_word' id='word_1_322' title='bbox 1125 4466 1171 4556; x_wconf 57' lang='lat' dir='ltr'>ip:</span> 
     </span>
    </p>
   </div>
   <div class='ocr_carea' id='block_1_4' title="bbox 0 0 1282 5040">
    <p class='ocr_par' dir='ltr' id='par_1_10' title="bbox 0 0 1282 5040">
     <span class='ocr_line' id='line_1_43' title="bbox 0 0 1282 5040; baseline 0 3"><span class='ocrx_word' id='word_1_323' title='bbox 0 0 1282 5040; x_wconf 95' lang='lat' dir='ltr'> </span> 
     </span>
    </p>
   </div>
  </div>
 </body>
</html>
