2556 5040
410 609 760 677 MONITUM.
1032 632 1093 694 57¹

135 740 187 824 'qui
203 733 358 821 plenidime
373 734 461 796 docet
474 731 643 813 mysterium
665 729 794 804 Christi,
815 730 873 792 hoc
890 727 932 792 esl
945 728 1099 794 Divinita-

140 851 199 894 tem
216 831 297 909 ejus,
312 828 561 900 incarnationem,
576 826 747 886 meritorum
769 822 1098 905 super-abundantiam,

141 925 242 1006 gratioe
254 918 463 991 necessitatem,
478 919 677 980 omnimodam
691 918 720 978 in
732 935 772 977 eo
791 915 925 977 fiduciam
944 918 1098 978 collocan-

144 1020 229 1087 dam,
252 1011 307 1075 esse
329 1014 516 1073 nihilomiuus
536 1013 617 1073 illum
638 1012 655 1072 ai
675 1010 790 1072 loanne
810 1007 990 1090 defiguntum
1010 1006 1098 1071 Anti·

148 1104 304 1167 Christum.

191 1200 231 1259 Αι
251 1200 328 1259 enini
347 1196 483 1259 Pontifici
501 1197 658 1274 obiicitur,
678 1195 726 1276 effe
738 1197 815 1256 illam
833 1197 960 1255 honinem
973 1197 1098 1278 peccari,
1132 1207 1156 1244 ²·
1172 1193 1258 1248 Thess·

138 1294 228 1370 filiunt
233 1294 390 1373 perditionis
456 1293 502 1368 ptri
511 1293 538 1349 t'n
562 1292 666 1371 Templo
682 1292 736 1350 Dei
744 1289 817 1367 sedet
834 1291 965 1368 ostendens
977 1290 1023 1369 se,
1035 1309 1097 1349 tort·
1112 1282 1138 1316 ν’
1152 1276 1177 1324 ς’
1189 1277 1215 1323 ⁴·

144 1407 222 1464 quam
226 1388 262 1463 fir
271 1388 357 1444 Deus.
367 1383 480 1464 Nempl¹
490 1383 519 1443 id
529 1383 668 1461 objicitur
679 1401 741 1442 non
760 1382 914 1443 mortalem
932 1379 1099 1454 soluni‚sed

146 1478 177 1536 dt
191 1496 374 1558 peccatorem
386 1474 414 1538 se
427 1474 579 1537 conlitenli
591 1498 597 1535 :
609 1474 742 1556 quotidie
752 1494 817 1535 cum
828 1474 947 1554 reliquis
966 1472 1100 1536 fidelibus

147 1570 272 1630 dicenti:
293 1568 407 1627 Dimitte
426 1571 502 1628 nobis
523 1570 610 1626 debita
626 1571 720 1649 nostra:
733 1586 878 1647 nunquam
896 1567 1045 1627 accedenti
1064 1567 1102 1629 ad

148 1661 249 1722 Altare
263 1662 331 1741 quin
343 1680 459 1742 peccata
468 1659 660 1729 confiteatur.
671 1661 737 1720 dtin
747 1678 828 1740 parte
838 1657 978 1721 Sacrificii
992 1658 1103 1721 sanslis·

150 1753 219 1814 simi
237 1755 327 1826 dicat,
341 1752 367 1813 se
382 1754 471 1812 titani
484 1770 622 1813 aetetnam
636 1754 651 1813 a
663 1751 732 1812 Deo
744 1752 878 1834 sperare,
894 1776 946 1814 non
955 1754 1103 1832 aflinrarore
1117 1781 1182 1833 ew,
1207 1779 1269 1830 liliis

149 1849 234 1905 meriti
243 1893 250 1919 ‚
258 1847 396 1924 seduense
407 1847 531 1925 largitore
539 1847 751 1926 ‚perDantt'num
758 1845 961 1926 nostrumlesunr
971 1847 1103 1927 c'lripum.

194 1938 330 1999 Tueatur
348 1936 414 1999 sarni·
434 1936 588 1998 Pontifices
610 1939 763 2017 primatum
789 1938 819 1997 itt
837 1934 865 1997 se
882 1937 899 1997 ai
919 1936 1037 1999 Christo
1050 1958 1103 2020 per

148 2030 264 2092 Petrum
277 2031 433 2092 collatum:
451 2032 537 2092 :uvel
551 2050 587 2092 etr
599 2049 638 2092 eo
646 2031 769 2091 maxime
780 2048 855 2111 opus
863 2028 969 2090 Christi
980 2051 1102 2109 promo·

148 2144 231 2185 vent:
244 2143 317 2206 opus
327 2124 473 2184 charitatis
482 2122 513 2182 dc
524 2125 709 2196 concordiae,
723 2123 868 2204 nunquam
881 2122 1010 2204 perfessi-
1021 2143 1104 2184 cotn-

149 2219 306 2298 piendum,
323 2216 375 2276 uili
386 2214 668 2286 Ecclestaunitetsa,
682 2213 1007 2296 totusquesacerdotalis
1015 2215 1103 2279 Ordo

149 2308 336 2370 Ecclestallici
350 2310 498 2389 regiminis
511 2326 596 2390 caput
606 2310 635 2367 in
646 2309 731 2369 terris
741 2311 874 2370 haberet:
885 2328 945 2390 quo
961 2328 1104 2372 movente

149 2402 281 2461 membra
292 2402 390 2460 omnia
403 2399 628 2482 quodamquast
648 2420 796 2462 concentu
818 2420 1027 2474 moverentur,
1039 2404 1105 2462 uni·

151 2492 273 2572 ratisque
284 2493 498 2554 Sacramentum
510 2491 692 2572 summopere
710 2494 726 2553 al
738 2491 856 2554 Christo
866 2495 1104 2557 commendatum

147 2601 217 2645 toto
226 2604 355 2666 corpore
363 2584 619 2645 consummaretur.
630 2584 708 2645 Nihil
719 2586 837 2656 dicunt,
847 2587 898 2664 qui
913 2583 1102 2667 respondent,

151 2676 309 2738 Ecclesiam
320 2680 348 2737 in
359 2677 448 2737 Coelo
461 2697 564 2737 verum
575 2695 661 2758 caput
673 2676 823 2748 habere,i
833 2696 893 2756 quo
903 2676 1105 2760 perspiritum

150 2769 275 2831 sanslum
298 2770 378 2831 suum
399 2788 558 2849 vegetante
579 2771 706 2830 uniatur.
731 2767 810 2848 Quis
828 2768 960 2831 dubitat?
981 2771 1024 2831 At
1040 2772 1104 2852 quis

153 2865 272 2944 ignorat
289 2864 423 2924 eumdem
441 2863 598 2944 Spiritum,
618 2864 669 2942 qui
681 2865 781 2923 omnia
797 2879 857 2921 non
871 2860 995 2923 suaviter
1008 2864 1104 2926 minias

148 2953 1105 3038 quimsortiterdisponit‚idquoqueefficere‚utinternisextetna

151 3048 361 3131 respondeant,
373 3047 481 3129 suisque
503 3048 630 3110 consiliis
648 3066 783 3129 aptentur
801 3049 916 3109 omnia?
930 3046 1030 3109 Docet
1050 3069 1105 3111 tros

149 3142 272 3204 interiiu
284 3162 317 3204 ac
331 3143 405 3225 tegit
417 3142 539 3223 Spiritus
551 3140 679 3213 sensium
699 3139 828 3221 ideoque
839 3139 1008 3202 pallores&
1023 3140 1104 3203 lloc-

149 3251 230 3297 tores
243 3236 344 3319 ponit,
363 3236 413 3317 qui
421 3236 548 3296 exterius
557 3250 652 3315 agant.
664 3232 799 3295 Ecclesia:
811 3253 919 3314 corpus
930 3233 1104 3296 Ecclesiasti-

151 3346 275 3409 cunrqae
290 3328 419 3408 regimen
434 3327 541 3387 adunat
557 3326 683 3408 Spiritus
700 3323 829 3386 sandiusr
842 3326 968 3407 idedque
988 3325 1104 3389 Patrem

152 3438 339 3481 communem
360 3416 390 3478 dr
408 3419 585 3500 praecipuum
606 3418 760 3498 quemdam
778 3415 1000 3498 dispensatorem
1020 3417 1104 3501 super

152 3531 272 3574 omnent
290 3510 396 3571 Clitisli
412 3508 547 3572 familiam
557 3508 713 3572 constituit.
724 3511 917 3591 imploramus
929 3510 1103 3573 hicAdver·

150 3602 290 3666 sariorum
304 3602 399 3664 sidem.
417 3605 485 3665 Hoc
501 3624 569 3664 aevo
586 3602 772 3675 calamitoso,
784 3623 845 3686 quo
856 3622 901 3664 tot
912 3605 1008 3684 impia·
1021 3603 1103 3668 seua

146 3696 318 3759 (strillianae
337 3697 500 3779 Religionis
520 3695 705 3759 sundatnunta
724 3698 862 3778 paulatim
885 3694 1021 3758 subruere
1042 3717 1100 3759 co·

151 3811 259 3851 namur
270 3813 278 3863 ;
291 3788 494 3871 Christumque
505 3790 554 3851 vel
564 3787 723 3851 nominasse
734 3789 800 3850 satis
809 3807 929 3871 purant,
939 3808 972 3849 ιιι
982 3792 1010 3849 in
1020 3791 1102 3853 orbis

148 3882 305 3943 Christiani
318 3885 476 3965 penetralia
491 3879 638 3943 essiaenem
657 3884 798 3964 quidlibet
817 3884 853 3943 de
866 3882 1021 3963 Religione
1040 3881 1103 3945 sen·

148 3977 239 4035 ciendi
253 3976 397 4036 licentiam
413 3976 572 4057 importent
583 3977 818 4056 impietatemque
832 3973 1007 4035 manifestant
1017 3997 1025 4034 τ
1037 3976 1103 4056 quis

149 4088 210 4128 non
233 4070 333 4139 videt,
352 4070 461 4147 quami
485 4070 608 4129 mititare
629 4068 752 4128 adhibita
771 4066 805 4127 stt
827 4065 951 4129 Pastoris
970 4066 1102 4133 custodia

152 4162 331 4241 invigilantis
342 4161 480 4221 universo
493 4164 590 4241 gregi,
602 4179 636 4221 ac
652 4179 707 4239 pro
722 4160 789 4221 data
807 4158 857 4221 silai
868 4160 991 4243 ‹lesitper
1003 4159 1103 4243 potes·

151 4275 228 4323 ιειί,
246 4254 424 4332 reliquorum
440 4255 572 4317 omnium
586 4254 788 4313 remittendam
800 4252 910 4333 alioqui
924 4254 1102 4335 diligentiam

147 4346 337 4406 slinutlruuis?
350 4344 445 4405 Tollit
457 4348 501 4406 hie
519 4344 552 4405 stt
565 4348 651 4406 nobis
671 4344 798 4427 ipsorum
817 4346 1009 4407 conscientia:
1021 4346 1103 4409 Soci-

142 4440 245 4517 -niaui‚
259 4440 472 4523 Attaltaptillae,
483 4439 730 4523 independenter,
744 4442 764 4501 ii
779 4442 830 4525 qui
844 4436 1005 4505 christiauae
1014 4440 1103 4521 siberg
