2572 4958
289 514 633 582 ursronrcus
678 513 876 584 ntroin
1024 530 1096 612 '493'

128 634 176 701 lta
185 633 349 699 scandalum
358 682 368 710 ,
378 635 406 696 id
416 634 472 710 est,
481 632 691 698 offendiculum
705 636 790 718 ponit
800 636 924 700 clericus
936 638 986 722 qui
994 645 1095 724 pravis

133 732 282 803 moribus,
294 729 369 791 male
377 729 497 790 vivendi
507 729 672 813 exemplum
685 727 766 792 iaicis
775 731 897 812 praebet.
907 731 954 793 Sic
966 735 1016 815 qui
1024 756 1096 817 pars

133 819 1096 905 vuiosnequitiasignorandocent3quiexiriososlibellosconscri

134 914 552 997 buntautspargun13soeminae
561 935 628 997 quae
638 916 1096 982 adamoremaccendendumor·

130 1026 250 1072 nentur.
258 1009 296 1068 Hi
306 1027 410 1069 omnes
418 1007 580 1070 scandalum
591 1008 766 1091 praebent‚&
777 1009 984 1092 accipientium
993 1030 1096 1094 pecca⁴

133 1101 407 1181 tiscommunicanr.
416 1099 545 1164 Tantum
554 1117 651 1163 autern
659 1102 1094 1184 hocpeccarumest‚utdixerit

131 1191 629 1277 Christuspraestareinprosundunr
638 1195 1095 1282 marisaliigatoadcollumlapi-

131 1287 171 1352 de
184 1288 291 1373 projici
302 1332 312 1362 ‚
322 1287 409 1367 qurirn
422 1289 470 1350 vel
480 1289 604 1350 minimo
619 1285 751 1351 fidelium
766 1284 947 1353 offendiculo
958 1288 1015 1354 effe
1031 1291 1096 1374 [t]-

151 1436 194 1498 (ι)
208 1436 320 1486 marne
334 1435 372 1486 18.
388 1451 411 1484 ν.
426 1437 451 1485 6.

397 1532 844 1596 TESTIMONIA.

133 1668 237 1790 GQuid
261 1667 363 1720 fecisti?
385 1682 434 1720 vox
447 1667 570 1735 sanguinis
583 1668 666 1721 fratris
690 1673 728 1723 tui
740 1676 833 1726 clamat
853 1676 885 1725 ed
906 1691 947 1726 me
964 1675 996 1727 de
1019 1676 1097 1730 terri.

159 1755 199 1789 en.
213 1755 235 1789 e.
248 1753 273 1800 4.
286 1756 309 1789 ν.
323 1756 362 1789 to.
890 1739 893 1755 ¹

167 1809 217 1859 Vos
231 1824 262 1858 ex
282 1821 353 1874 patre
367 1807 470 1858 diabolo
494 1808 567 1870 estin
593 1811 637 1862 ille
649 1811 775 1877 homicida
797 1824 851 1864 erat
864 1813 896 1864 eb
908 1814 991 1867 initio.
1004 1815 1098 1869 Jnrnn.

125 1879 285 1939 omum.

121 1961 124 1966 ·
168 1947 328 2009 Quicumque
338 1943 429 1998 fuderit
441 1949 577 1998 humanum
590 1946 749 2014 sanguinem,
762 1949 881 2002 fundetur
890 1952 987 2018 sanguis
999 1953 1066 2005 iliius
1083 1969 1093 2003 ι

134 2016 168 2066 ad
182 2020 316 2082 imaginem
339 2017 432 2084 quippe
447 2019 497 2067 Dei
509 2016 585 2067 fraus
599 2019 633 2068 est
646 2021 730 2069 homo.
741 2020 803 2071 Gerr.
816 2039 836 2070 c.
849 2035 876 2079 9.
890 2039 913 2072 ν.
927 2027 952 2073 6.

167 2088 219 2147 Qui
228 2089 373 2155 percuss'erit
387 2087 529 2152 proximum
542 2087 612 2137 suurn
623 2089 752 2150 nesciens,
765 2090 791 2138 &
799 2093 841 2155 qui
852 2092 906 2142 heri
917 2091 942 2140 8(
954 2091 1097 2142 nudiuster-

132 2155 183 2206 tius
196 2159 291 2206 nullum
305 2168 392 2206 contra
406 2173 463 2207 eum
482 2159 567 2206 odium
580 2159 689 2209 habuiss'e
703 2161 883 2224 comprobatur
897 2178 903 2209 :
918 2162 958 2210 hic
972 2162 1003 2210 ad
1020 2177 1096 2212 unam

132 2223 325 2290 supradictarum
339 2227 436 2277 urbium
449 2225 529 2289 fugiet
540 2227 565 2274 δι
578 2227 654 2277 viver.
663 2229 688 2278 si
698 2229 752 2291 quis
763 2241 848 2280 autent
861 2231 920 2279 odio
930 2231 1025 2280 habens
1034 2244 1097 2296 pro·

132 2296 228 2346 ximunr
241 2296 309 2346 suum
327 2296 455 2347 infidiatus
469 2297 545 2346 fuerit
558 2298 614 2346 vitae
627 2295 697 2357 ejur,
708 2297 735 2346 δι
752 2312 863 2348 mortuus
874 2298 950 2351 fuerit
963 2312 1034 2349 :non
1046 2302 1097 2350 nti-

132 2363 254 2417 sereheris
273 2364 326 2426 ejus
336 2398 344 2424 ‚
354 2365 379 2413 &
392 2364 490 2430 pareres
507 2366 611 2416 noxium
623 2363 768 2430 sanguinem
787 2367 818 2417 de
830 2369 914 2422 lsrael.
926 2366 1007 2423 Dent.
1020 2385 1041 2418 c.
1054 2383 1097 2432 19.

133 2450 159 2485 v.
177 2450 202 2495 4.
219 2450 239 2496 5.
257 2434 323 2485 thid.
337 2450 360 2483 ν.
376 2449 416 2484 11.
429 2432 452 2486 ἃ
467 2445 507 2491 ¹3·

166 2505 287 2571 Princeps
313 2504 364 2553 Dei
386 2504 497 2554 minister
510 2503 545 2553 est
557 2502 603 2553 tibi
622 2505 649 2554 in
669 2503 774 2554 bonurn.
797 2505 822 2554 st
842 2515 927 2582 autem
949 2507 1043 2557 melum
1058 2509 1098 2560 se·

132 2575 198 2622 cerie
211 2609 219 2636 ,
240 2576 301 2625 time
314 2590 321 2622 :
332 2588 382 2622 nnn
396 2575 464 2624 eninr
476 2574 526 2622 fine
540 2570 613 2624 caust
620 2574 730 2637 gladium
744 2586 837 2638 portat.
851 2575 927 2624 Rom.
939 2591 961 2625 c.
980 2589 1021 2633 ¹3·
1033 2593 1057 2626 ν.
1069 2591 1098 2636 4.

166 2644 315 2695 Benedictus
334 2645 458 2692 Dominus
470 2644 539 2691 Dens
553 2658 637 2703 meus,
652 2643 693 2706 qui
708 2644 784 2694 docet
805 2658 892 2694 marrus
909 2658 978 2694 meat
992 2644 1023 2694 ed
1034 2661 1099 2713 pra-

131 2711 213 2774 lium,
235 2714 260 2763 81
280 2713 372 2777 digitos
386 2728 455 2763 meos
471 2707 680 2779 nobellum-17.
696 2727 790 2772 143.v.
806 2724 829 2762 1.

166 2781 227 2832 Mea
244 2783 280 2833 est
301 2783 364 2832 ultio
379 2781 405 2830 8(
415 2797 463 2847 ego
476 2781 612 2831 retribuam
626 2781 651 2830 in
665 2791 790 2848 tempore.
801 2779 880 2828 Drur.
891 2796 915 2829 c.
930 2795 970 2843 3²·
982 2797 1008 2830 ν.
1024 2794 1066 2844 35.

163 2852 220 2916 Ego
243 2864 327 2904 antem
340 2852 397 2900 dico
411 2853 482 2903 vohis
499 2854 555 2914 quia
576 2851 658 2900 omnis
681 2853 723 2915 qui
742 2849 856 2902 irascitur
871 2847 943 2902 fratri
962 2849 1025 2913 suo,
1042 2867 1099 2906 reut

131 2921 183 2969 erit
196 2921 301 2982 judicio.
318 2922 396 2970 mur.
412 2937 432 2969 r.
447 2935 470 2982 5.
484 2937 499 2968 ν
512 2938 552 2970 u.

166 2989 207 3040 Vae
223 2993 315 3041 mundo
328 2991 340 3041 i
352 2989 482 3041 scandalis.
497 2991 601 3040 Necesse
614 2989 648 3040 est
663 2989 731 3040 euim
743 3001 772 3039 ut
783 2988 887 3040 veniant
904 2987 1018 3040 scandala
1032 3007 1100 3043 :ve-

132 3071 274 3111 rumtamen
286 3077 322 3110 va
342 3060 438 3109 homini
455 3062 493 3111 ilii
505 3095 513 3122 ‚
527 3075 575 3126 per
587 3062 662 3122 quent
674 3058 819 3110 scandalum
831 3062 912 3112 venit.
926 3060 1006 3112 Matr.
1021 3065 1099 3118 cfr&

131 3143 531 3314 „pff-*-

219 3279 850 3297 *mm*

262 3374 628 3479 Lucuro
697 3360 965 3460 xxv'rr.
1061 3474 1064 3479 ,

416 3549 473 3618 De
486 3549 589 3644 sexto
618 3549 810 3643 Praecrpto.

186 3709 282 3772 Exro
300 3709 455 3792 Praecepto
471 3708 665 3791 prohibentur
686 3707 823 3769 homines
843 3704 960 3770 ratione
981 3706 1097 3789 praediti

198 3807 281 3866 bruta
288 3804 426 3866 animalia
439 3803 562 3874 imitari,
574 3821 642 3883 quae
651 3798 816 3883 promiscue
825 3819 901 3862 coen
941 3800 1099 3882 ;eoquead

127 3900 315 3981 voluptatem
331 3898 427 3969 abuti,
438 3895 516 3977 quod
530 3895 566 3956 ad
584 3895 828 3976 propagationem
847 3817 963 3977 genzis
978 3893 1099 3956 humani

126 3989 326 4076 sapientiffime
334 3989 475 4072 estriDeo
483 3987 643 4050 institurum
655 3986 710 4070 [a].
722 3987 810 4070 Opus
821 3988 900 4050 eninr
906 3987 964 4050 Dei
973 3988 1099 4050 omniex

124 4105 211 4183 parre
230 4087 342 4148 bouum
358 4083 477 4147 estmec
495 4081 653 4164 quidquam
670 4081 776 4141 malum
793 4097 846 4142 aut
860 4081 1028 4166 pudendum
1040 4080 1099 4141 dici

126 4177 245 4284 potest,
257 4177 309 4240 nisr
325 4196 477 4262 peccatum
493 4176 524 4237 &
536 4172 788 4258 concupiscentia,
800 4173 859 4258 qui
875 4175 1052 4258 impellimur
1066 4187 1099 4235 ut
1198 4231 1201 4237 .

168 4381 211 4442 (a)
229 4379 293 4437 Τοῦ.
304 4395 326 4434 c.
342 4391 368 4444 4.
379 4393 404 4432 ν.
426 4390 467 4443 13.
479 4377 546 4433 ibid.
556 4394 579 4431 c.
589 4380 615 4431 6.
625 4393 649 4433 v.
659 4388 697 4447 η.
713 4328 778 4449 ανδ.
791 4393 813 4429 ν.
826 4392 852 4442 9.
