2556 5040
130 522 200 614 τηε
381 505 907 589 ennecurstuus

131 636 1122 765 mem-Qum

295 823 931 912 euertuntur.

350 1006 407 1074 De
442 1005 605 1076 Gentium
650 1006 875 1098 cnnverstone.

132 1175 363 1331 COErinr
385 1176 475 1261 paulb
496 1174 561 1261 post
585 1178 618 1239 δι
639 1174 773 1239 Gentiles
791 1174 947 1238 Ecclesiam
971 1176 1111 1245 inerme:

221 1271 288 1332 Erat
303 1271 463 1333 Cornelius
474 1269 619 1332 Centurio
629 1269 794 1346 Romanus,
803 1269 853 1352 qui
865 1268 996 1332 Gentilis
1006 1273 1105 1349 licet,

129 1364 249 1424 unicum
275 1365 470 1425 nihilominus
491 1362 592 1425 Deum
617 1362 812 1445 agnoscebat,
825 1364 944 1426 timebat
960 1364 994 1424 δι
1016 1367 1109 1428 cole·

130 1453 196 1527 bat,
208 1456 407 1520 oransasstdue
422 1457 452 1518 δι
462 1458 492 1517 in
504 1476 646 1540 pauperes
663 1455 831 1540 largisstmus
856 1455 916 1538 [a].
931 1456 1006 1519 Eum
1028 1459 1104 1520 An·

130 1550 238 1628 gelusa't
248 1549 319 1612 Deo
329 1548 422 1612 missus
432 1549 593 1621 convenit,
603 1550 701 1633 aitque
711 1570 811 1632 preces
824 1548 909 1631 ipstus
916 1551 1075 1614 exauditas
1090 1574 1102 1612 r

130 1641 230 1722 itaque
243 1642 361 1706 Petrum
375 1642 536 1707 accerseret
552 1642 707 1706 dosiurum
721 1643 802 1726 quod
821 1641 898 1705 saslo
922 1662 999 1724 opus
1014 1643 1106 1719 esset..

129 1730 186 1815 Ipst
200 1735 288 1797 Petro
301 1738 402 1799 oblata
412 1735 501 1812 visto,
514 1733 571 1820 qui
586 1736 700 1811 didicit,
712 1736 784 1798 nihil
794 1732 886 1798 essein
896 1735 1010 1798 rebusb
1021 1735 1103 1829 Deo

131 1829 260 1890 conditis
278 1831 458 1893 immundum
472 1846 522 1892 aut
535 1827 691 1913 profanum
704 1851 711 1889 ε
724 1827 856 1911 jussitque
872 1829 996 1912 Spiritus
1015 1830 1102 1900 (ἰὶνί-Δ
1124 1909 1126 1913 .

129 1938 187 1982 nus
197 1918 293 1984 missos
304 1922 321 1984 ὲ
333 1923 479 1986 Cornelio
491 1922 668 2005 sequeretur.
678 1920 759 2003 Quae
780 1922 881 1984 omnia
896 1940 971 2005 opus
984 1934 1100 2012 erant,'

129 2011 192 2093 quel
204 2014 306 2077 Petrus
319 2016 336 2077 ὲ
348 2014 518 2078 Gentilibus
531 2014 692 2076 abhorrere
703 2013 874 2076 Judaeorum
883 2034 968 2079 more
976 2014 1100 2079 desine-

128 2123 176 2167 ret
184 2150 194 2180 ,
207 2127 332 2188 cumque
344 2108 387 2169 eis
400 2105 533 2169 versandi
545 2108 674 2169 animum
684 2107 847 2170 induceret.
856 2108 917 2170 Ubi
928 2109 964 2169 ad
973 2107 1098 2173 Corne-

127 2197 199 2259 lium
212 2199 365 2283 pervenit,
386 2199 522 2281 cognatis
535 2199 632 2261 multis
644 2219 678 2262 ac
695 2199 885 2266 familiaribus
897 2220 972 2283 quos
995 2203 1099 2265 advo·

128 2290 209 2352 ciret
220 2290 353 2374 stipatum
364 2294 493 2367 invenit,
505 2312 581 2373 quos
593 2290 661 2355 citm
670 2293 780 2356 docere
788 2291 935 2377 'coepisset,
947 2293 1094 2378 Spiritum

127 2381 265 2446 Sansium
283 2404 479 2468 acceperunt,
497 2385 617 2470 Deique
638 2387 737 2450 laudes
749 2388 838 2450 variis
859 2387 967 2470 linguis
984 2389 1095 2471 praedu

127 2474 349 2561 caitunr.ltaque
357 2477 433 2557 juistt
442 2478 545 2542 Petrus
555 2480 630 2561 aqui
639 2479 712 2563 tingi
723 2499 817 2563 ,quos
828 2479 886 2559 iant
899 2481 1008 2564 Spiritu
1018 2482 1096 2565 bap·

127 2569 234 2633 tizntos
247 2571 375 2634 videbat.
384 2570 497 2635 Offensr
506 2574 631 2656 primitur
641 2571 777 2654 Apostoli
787 2572 850 2636 sunt
857 2593 891 2635 ac
900 2574 1005 2656 reliqui
1016 2573 1094 2637 fide·

99 2669 102 2675 '
126 2661 264 2739 les,citm
276 2665 393 2728 Petrum
405 2667 441 2728 ad
461 2665 678 2729 incircumcisos
690 2663 844 2750 ingressum
865 2686 899 2729 ac
919 2667 1092 2733 cibunrunit

126 2753 269 2840 sumpsisse
281 2775 458 2842 acceperunt
469 2758 532 2842 [b].
550 2759 594 2821 Re
610 2776 765 2833 tamen,ut
779 2757 857 2842 gena
878 2779 956 2832 erat,
972 2760 1099 2839 audith

124 2850 319 2928 quieverunt,
331 2850 858 2935 admirantesquedixerunt:Ergbntsae
866 2853 1098 2937 Gerttibttspttmiq¹

123 2942 233 3000 rentiam
243 2945 316 3001 dedit
325 2947 404 3004 Deus
412 2943 689 3026 advitamiExperti
700 2945 985 3008 tuncintellexerunt
994 2946 1089 3031 signa·

124 3046 186 3093 tum
196 3035 332 3096 omnibus
346 3036 376 3094 in
388 3035 543 3117 Scriptutis
554 3037 722 3099 vocationis
739 3035 883 3101 Gentium
893 3037 1087 3120 mysterium:

60 3166 66 3176 -
124 3125 205 3212 quod
216 3129 346 3189 omnium
357 3127 973 3213 optimePaulusexposuit,Gentiumetlam
981 3135 1089 3216 praect‘·

122 3218 359 3303 pubApustolus.
368 3221 470 3284 Docet
479 3221 722 3286 vetoslsra'e'litas
736 3224 1028 3308 Deiquefilios,n0n
1037 3238 1095 3292 eus'

123 3313 238 3375 tantum
248 3311 304 3375 esse
317 3317 368 3398 qui
379 3336 416 3379 ex
424 3316 570 3378 Abraham
581 3314 738 3381 secunditm
749 3336 868 3381 carnem
877 3319 939 3381 nati
947 3317 1028 3394 sunt,
1037 3318 1093 3391 secl,

123 3404 405 3491 promisfionisfilios
413 3407 542 3492 fideique
554 3408 808 3495 sesiatoresrquos
816 3408 902 3474 Deus
911 3411 990 3474 meri
1000 3409 1087 3476 mise·

124 3501 253 3563 ricordizi
264 3502 345 3584 eligit
353 3519 517 3583 vocatque,
530 3522 591 3565 non
601 3522 637 3566 ex
646 3501 996 3578 Judaeistantitm,sedex
1006 3503 1098 3568 Gen·-

124 3594 202 3657 ribus
217 3592 276 3680 [c].
294 3594 382 3671 Unde
399 3591 543 3676 sequitur,
563 3594 635 3656 nibil
654 3595 714 3675 jam
732 3591 790 3657 esse
813 3596 1067 3661 circumcistonem
1080 3608 1098 3663 ε’·

122 3688 192 3750 citm
202 3708 263 3750 non
275 3688 326 3749 uni
337 3687 440 3771 generi
453 3687 584 3750 divinum
597 3684 694 3749 foedus
711 3688 873 3764 inherent,
888 3688 936 3751 sed
960 3690 998 3752 ad
1016 3686 1098 3755 otu?

123 3802 178 3844 nes
190 3782 324 3845 nationes
330 3779 467 3863 spirituaii
481 3777 708 3860 regeneratione
717 3783 870 3863 pertineat.
888 3781 929 3844 En
943 3782 1095 3850 Gentium·

123 3875 306 3948 vocatione,
319 3875 370 3956 qui
380 3874 506 3957 populus
517 3873 578 3936 Dei
591 3893 653 3936 non
666 3892 771 3948 erant,
784 3875 910 3959 populus
922 3874 985 3953 eius
995 3875 1068 3940 fiunt
1077 3890 1099 3939 t·

123 3969 174 4050 qui
187 3984 284 4030 autem
301 3986 403 4042 erant,
421 3967 554 4049 plerique
576 3987 698 4050 propter
721 3968 954 4031 incredulitatem
979 3969 1088 4050 abjeeti

121 4061 195 4126 sunt.
210 4061 320 4122 Eorum
336 4059 470 4122 delibium
486 4058 558 4122 salus
568 4059 713 4123 Gentium
725 4059 785 4134 est,
801 4071 866 4143 quae
889 4080 993 4124 eorum
1012 4063 1086 4126 loco

122 4171 257 4228 vocatae,
271 4173 337 4214 cunt
349 4171 424 4215 vero
438 4152 542 4217 israele
552 4156 736 4216 coaluerunt.
745 4153 919 4221 Paucienim
928 4154 978 4239 qui
990 4154 1091 4228 Evanq

153 4389 200 4451 (a)
214 4384 265 4440 ΑΞ.
282 4404 305 4441 c.
326 4404 366 4442 10.
379 4391 420 4454 (b)
432 4389 488 4443 Λᾶ,
505 4402 528 4438 c.
543 4403 581 4442 rt·
593 4385 635 4451 sc)
649 4387 723 4442 Rom.
734 4403 756 4442 c.
766 4404 791 4454 9.
806 4382 884 4454 psrc·
