2556 5040
217 643 289 724 att
470 634 1016 712 cntuculsbtus'

221 755 320 823 sontes
334 753 408 832 lint,
421 754 563 826 veredici
576 751 863 838 poteslnullumelse
876 772 1044 841 peccatum
1064 774 1134 844 quo
1146 750 1205 843 pl:

222 871 303 917 mum
314 851 478 913 mandatum
489 868 552 911 non
561 850 744 934 aliquatenus
752 849 889 916 violetur.
898 847 934 912 Ei
947 848 1055 934 porro
1068 871 1138 915 non
1148 846 1204 917 nii

223 944 269 1027 gis
286 942 453 1007 adversatur
468 944 567 1005 honor
581 962 667 1025 quem
681 939 809 1017 Saeuis,
833 962 1003 1026 eorumque
1015 944 1206 1028 imaginibus

223 1037 412 1110 exhibemus,
424 1036 512 1118 quim
525 1056 611 1118 quem
622 1035 684 1118 regi
696 1080 706 1107 ,
724 1035 814 1118 regiis
826 1034 985 1112 ministris,
996 1036 1201 1120 dignitatum·

224 1147 284 1212 que
300 1126 465 1210 infignibus.
480 1130 638 1195 Honorem
650 1129 730 1191 illum
744 1129 783 1196 ita
801 1130 945 1197 creaturis
961 1128 1157 1206 deserimus,
1169 1149 1201 1194 ιιι

225 1218 1197 1305 οωὼωὓωωηωωωᾶψῶωῶὴωωηωιῇώω

223 1311 323 1394 itaque
337 1333 534 1390 veneramur,
554 1333 587 1379 ut
597 1314 657 1378 Dei
669 1310 799 1389 amicos,
812 1314 938 1377 terrenis
952 1316 1107 1379 omnibus
1118 1317 1199 1399 prin*

224 1405 338 1487 cipibus
353 1408 441 1491 louge
462 1408 687 1491 praeponendos.
706 1407 817 1470 Eorum
832 1407 976 1471 auxilium
995 1410 1199 1492 imploramus

225 1495 257 1559 ἃ
278 1501 447 1563 orationum
469 1499 621 1583 suffragia,
638 1519 672 1564 ut
689 1501 719 1563 δι
738 1501 853 1586 piotum
867 1502 897 1562 in
910 1502 1000 1564 terris
1013 1504 1199 1574 viventium.

226 1590 346 1656 Gratias
357 1595 468 1677 agimus
480 1594 552 1665 Deo
567 1596 603 1658 de
620 1596 738 1659 iliorum
752 1591 904 1665 visionis,
920 1614 996 1675 quas
1009 1595 1196 1659 coronavit:

225 1705 391 1768 eorumque
413 1689 516 1749 merita
539 1689 666 1764 omnia,
693 1685 813 1763 infinitis
833 1686 942 1748 Chrissi
961 1688 1086 1751 meritis
1108 1685 1198 1750 inniti

225 1780 420 1864 agnoscimus.
439 1781 599 1862 imaginum
616 1780 709 1865 porro
725 1801 786 1842 non
798 1779 871 1842 alius
886 1777 952 1842 usus
970 1777 1035 1854 eu,
1062 1784 1195 1866 quimus

224 1873 303 1956 ipsos
315 1875 344 1938 in
354 1876 524 1937 memoriam
540 1894 684 1939 revocent
694 1895 701 1934 :
711 1892 789 1957 genu
801 1871 964 1948 slebendo,
976 1892 1097 1957 corpus
1109 1874 1193 1942 ἱιιεΙὶ·Ι

225 1967 344 2042 nando,
360 1987 410 2032 aut
423 1987 485 2052 quo
496 1970 691 2038 alinerterno
703 1965 784 2049 gestu
797 1963 929 2027 affesium
940 1966 1059 2029 tantitm
1071 1968 1105 2053 in
1122 1986 1191 2050 pto·

225 2075 332 2142 totypa
344 2058 535 2143 significamus
542 2081 553 2136 ;
565 2061 791 2144 quoqueanimo
800 2061 864 2135 boc
876 2079 1018 2143 agamus,
1031 2057 1105 2122 satis
1113 2074 1193 2143 patet

225 2172 262 2217 etr
272 2154 369 2216 verbis
384 2155 488 2236 quibus
500 2173 652 2237 precamur
664 2152 719 2237 (a).
732 2151 851 2232 Quibus
859 2169 956 2214 autem
968 2149 1041 2234 ipsae
1054 2151 1192 2237 persona

152 2255 153 2258 ’
224 2247 336 2308 divinae
347 2248 506 2327 pinguntur
517 2243 775 2327 imaginesesacra
787 2243 934 2328 Scriptura
944 2243 1135 2327 desumptas
1188 2260 1191 2267 ’

223 2337 311 2403 Deus
328 2337 406 2400 inim
424 2341 460 2410 ad
479 2337 677 2400 infirmitatem
700 2334 827 2400 nostram
842 2337 1034 2414 descendens,
1052 2336 1190 2422 l’ropbe·¹

180 2507 185 2516 ⁸
223 2432 262 2492 tis
276 2430 332 2492 suis
341 2433 498 2514 aliquando
510 2433 672 2494 venerandi
683 2430 776 2513 specie
786 2429 1020 2514 senisappatuit,
1031 2431 1095 2513 qua
1109 2430 1186 2497 suam

223 2527 411 2607 aliquatenus
429 2526 622 2588 aeternitarem
638 2527 823 2587 adumbraret
841 2545 850 2598 ;
875 2521 919 2608 (b)
942 2522 973 2585 bt
991 2542 1025 2586 ut
1045 2523 1187 2607 Spiritum

223 2618 551 2683 Sansiumsuavitatis&
562 2613 1185 2703 pacisSpiritumelieintelligeremus,eum

223 2716 370 2803 ‘olumbae
384 2713 478 2798 specie
488 2710 644 2795 exhibuit(
659 2712 683 2797 ).
957 2708 960 2713 ’

259 2862 309 2924 (a)
323 2861 415 2911 concu.
428 2860 500 2912 frid.
522 2858 582 2933 Seffl
596 2872 638 2909 η.
650 2875 673 2910 c·
684 2871 707 2919 3.
728 2857 788 2932 Μ.
802 2871 842 2920 ις,
868 2855 908 2927 (b)
923 2855 996 2913 Dan·
1016 2871 1039 2910 c·
1065 2869 1093 2922 7·
1114 2871 1139 2909 v·
1161 2864 1187 2922 2-

223 2928 303 2997 Apoc.
317 2949 340 2983 c.
349 2947 373 2993 4.
386 2949 411 2982 ν.
425 2949 447 2982 a.
463 2933 502 2994 (c)
519 2929 579 2980 Luc.
593 2945 614 2978 c.
644 2944 666 2992 ς.
680 2945 704 2979 ν.
720 2931 762 2980 22.'

480 3083 920 3153 TESTIMONIA.

256 3252 395 3305 Dominum
409 3254 495 3307 Deum
510 3265 579 3304 tuum
592 3252 713 3314 timebis,
740 3249 766 3312 δι,
786 3254 823 3309 illi
845 3254 892 3309 soli
912 3255 1014 3310 seruiet.
1026 3252 1109 3314 Deus.
1127 3273 1149 3312 e.
1159 3257 1186 3312 6·

221 3338 246 3379 ι.
265 3339 306 3388 η.
586 3359 588 3362 >

255 3399 313 3444 Nou
327 3392 420 3444 uidistis
437 3395 543 3458 aliquam
561 3390 763 3450 similitudinem,
776 3391 801 3440 in
819 3394 860 3446 die
878 3395 924 3458 qus
940 3399 1038 3448 locutus
1058 3397 1097 3449 eli
1116 3392 1189 3449 vobit

220 3461 347 3516 Domitius
359 3466 384 3514 iu
408 3467 492 3515 Horeb
506 3485 514 3515 .-
536 3483 567 3516 ue
590 3463 654 3514 sorte
668 3465 769 3530 decepti
789 3462 886 3514 faciatis
900 3468 972 3517 vobis
984 3465 1111 3536 sculptam
1123 3466 1188 3515 ima-

218 3533 322 3596 ginem.
340 3569 345 3583 .
360 3571 367 3585 .
384 3551 433 3585 ,ιιι
456 3533 521 3585 forte
542 3537 644 3585 elevatis
665 3537 745 3583 oculis
765 3536 795 3583 ad
816 3537 928 3594 colum,
950 3537 1038 3588 uideas
1061 3539 1141 3588 solem
1159 3533 1186 3584 bt

218 3606 326 3662 lunam,
351 3604 376 3652 δι
399 3607 483 3654 omnia
498 3605 558 3654 aslra
579 3605 653 3665 coeli,
670 3601 696 3649 8(
718 3618 803 3652 errore
830 3606 952 3669 deceptus
970 3609 1062 3659 adores
1086 3621 1118 3658 ea
1133 3616 1186 3670 qut

218 3673 315 3724 creavit
340 3674 410 3723 Deus
432 3675 457 3724 iu
480 3675 642 3733 ministerium
668 3672 759 3723 cuneis
782 3673 908 3738 gentibus.
929 3675 1043 3736 Dent-c:
1063 3690 1129 3738 Μ.
1148 3685 1188 3736 ις.

217 3744 261 3794 16·
283 3754 321 3801 ιο.
1093 3748 1096 3752 ’

252 3809 304 3871 Qui
319 3822 402 3861 autem
416 3811 582 3877 superbierit,
602 3813 689 3861 nolens
704 3809 808 3861 obedire
827 3809 962 3863 sacerdotis
984 3815 1096 3881 irnperio
1110 3823 1190 3880 ,mo-

217 3877 296 3935 rietur
320 3878 398 3932 horno
409 3885 472 3941 ille,
492 3883 517 3931 &
541 3877 636 3932 auferes
652 3883 744 3930 malum
759 3880 790 3928 de
813 3880 895 3938 israel.
910 3881 1011 3942 Denter.
1024 3902 1046 3936 ι.
1059 3900 1090 3949 ¹7
1110 3905 1132 3936 ν.
1148 3895 1189 3933 ιι.

252 3952 311 4002 Νοιι
325 3949 506 4011 augurabimini
524 3963 591 4008 ‚nec
615 3949 779 3999 observabitis
801 3947 904 4001 somnia.
922 3952 980 4003 Non
994 3955 1132 4010 declinetis
1155 3947 1190 4008 all

216 4032 305 4085 magos
321 4006 368 4068 uei
379 4018 411 4069 ab
425 4020 508 4067 ariolis
533 4019 626 4081 aliquid
651 4017 826 4084 sciscitemini,
850 4033 877 4072 ut
893 4024 1043 4087 polluamini
1058 4039 1109 4091 per
1133 4040 1188 4078 eot-

214 4087 323 4138 Lcuir.c
347 4103 377 4150 ¹9
400 4103 422 4135 v.
443 4094 519 4148 arev.
540 4102 577 4147 ιι,
970 4107 979 4124 =

244 4157 299 4205 Nec
308 4157 482 4218 ittveuiaturiu
493 4155 651 4207 temalelicus
662 4172 724 4218 ‚nec
735 4159 885 4219 incantator.
894 4155 968 4217 Deut.
979 4175 1000 4209 c.
1011 4160 1050 4210 18.
1064 4177 1087 4218 tf.
1103 4171 1140 4212 to·
1152 4173 1189 4223 ιι.

217 4224 370 4286 Maledictus
382 4226 459 4273 horno
472 4229 514 4287 qui
529 4224 633 4276 considit
643 4229 667 4277 iu
687 4228 799 4283 bomine,
815 4227 840 4274 bt
852 4230 925 4294 pouit
937 4244 1039 4289 carnem
1053 4229 1189 4283 brachium

221 4295 291 4357 suurn
304 4327 312 4354 ,
326 4295 349 4341 iit
366 4293 378 4341 i
393 4295 509 4342 Domino
530 4297 629 4345 recedit
642 4312 685 4345 cor
698 4295 760 4357 eius.
774 4296 860 4344 serem.
874 4312 895 4345 c.
909 4310 945 4356 17.
960 4316 982 4346 ν.
998 4311 1019 4348 ι.

250 4362 346 4429 Arguet
365 4373 390 4411 te
415 4364 512 4423 malitia
540 4375 603 4426 tua,
627 4364 653 4413 bt
677 4366 768 4414 avetfio
783 4377 823 4414 tua
850 4366 991 4434 increpabit
1012 4378 1047 4417 te.
1071 4362 1189 4429 Scito&

215 4431 274 4492 uide
294 4433 351 4495 quia
374 4435 468 4481 malum
492 4432 517 4479 bt
534 4448 647 4496 amarum
677 4433 712 4495 esi
740 4435 864 4498 reliquisse
891 4447 916 4499 te
939 4438 1078 4497 Dominum
1101 4437 1191 4502 Deum

213 4515 296 4567 tuum·
311 4500 406 4566 lrrrm-
425 4514 449 4566 τι,
466 4515 490 4566 ι·
504 4517 527 4554 t·
551 4514 590 4576 ιι·
799 4503 803 4511 ’
