2556 5040
284 569 621 654 aristonicus
669 584 869 653 naron-
1017 588 1088 679 'iro'

158 697 283 746 Dominus
294 712 364 747 meus
377 698 404 746 bt
418 697 488 746 Deus
500 707 578 745 tneor.
591 691 666 746 soon.
678 712 699 744 c.
712 709 752 745 ιο,
770 711 794 744 ν.
809 700 849 747 28.

163 764 295 817 Nor-issirnd
309 770 406 815 locutus
417 767 451 814 est
465 766 536 814 nobis
550 767 575 814 in
589 760 659 823 titio,
675 777 749 827 quern
760 767 889 814 constituit
902 763 1020 814 heredem
1032 765 1089 816 uni.

132 836 270 895 versorum,
287 851 332 901 pet
345 852 418 897 orient
431 835 490 884 sctit
503 838 528 882 bc
542 832 636 882 tieenla.
651 833 715 882 Eeb.
730 851 752 881 r.
766 848 786 883 a.
823 824 832 840 ’

164 903 217 962 Qui
231 902 306 953 fastus
319 902 385 952 ussei
396 920 427 954 ιιι
440 903 534 954 semine
543 903 624 952 barin
636 901 770 951 secunddnt
784 916 900 962 carnem,
912 905 951 964 qui
962 903 1089 967 predesti-

130 983 204 1020 natus
228 972 264 1022 est
283 973 347 1021 titius
361 973 411 1023 Dei
423 989 455 1022 ex
477 974 567 1022 virtute
591 969 724 1020 secundino
748 970 860 1036 spiritum
874 970 1088 1022 satietate-anonis.

133 1037 366 1100 Rmnmss

165 1109 256 1158 Omnia
270 1107 386 1174 spiritus,
403 1108 444 1170 qni
457 1107 589 1158 confitetur
602 1107 684 1160 lesum
701 1107 824 1158 cirinum
841 1111 866 1158 in
885 1125 959 1159 carno
975 1111 1090 1169 veniss'e,

131 1191 165 1223 ex
179 1179 235 1225 Deo
248 1177 300 1233 este
315 1178 339 1226 dc
354 1179 434 1227 omnia
448 1176 463 1225 s
477 1178 548 1226 iritus
560 1177 601 1240 qui
618 1177 690 1228 solvit
704 1176 804 1238 les'unt,
818 1191 849 1227 ex
863 1178 921 1228 Deo
934 1195 984 1229 non
997 1180 1040 1228 est.
1056 1180 1091 1229 Er

132 1245 173 1293 hic
183 1246 217 1294 est
231 1246 401 1297 Antichristus.
417 1261 440 1294 ι.
451 1194 525 1294 iiior.
535 1262 557 1295 c.
571 1259 593 1305 ς.
608 1262 631 1294 ν.
643 1263 667 1297 2.
683 1263 704 1307 3.

167 1312 196 1363 ln
210 1316 263 1382 ipsu
276 1317 400 1366 inhabitat
412 1318 493 1365 omnis
506 1315 638 1382 plenitudo
656 1315 793 1367 divinitatis
815 1317 987 1382 corporaliter.
1002 1312 1091 1380 (οἶσθ’.

132 1395 271 1444 mmo

166 1450 309 1500 Secunddrn
323 1453 496 1517 operationem
513 1454 633 1516 potentie
646 1454 745 1503 virtutis
759 1453 825 1515 net,
838 1469 911 1517 quarn
924 1464 1044 1518 operatur
1055 1451 1092 1502 est

133 1518 161 1566 in
176 1523 272 1570 Christo
286 1554 293 1578 ‚
307 1521 423 1570 suscitans
445 1525 515 1571 illurn
530 1521 676 1581 amortuis,
699 1522 725 1569 dc
745 1525 898 1574 constituens
915 1525 946 1572 ad
960 1525 1094 1572 dexteram

131 1587 201 1640 suam
214 1594 237 1638 in
252 1591 389 1639 coeletiibns
404 1625 411 1651 ,
433 1589 502 1656 snpra
514 1607 614 1640 ornnem
628 1592 795 1656 principatum
808 1627 815 1653 ,
828 1592 854 1640 &
876 1592 1025 1657 potestatem
1037 1624 1045 1650 ‚
1064 1590 1093 1641 dt

136 1663 254 1707 virentem
266 1664 278 1717 “,
293 1662 316 1706 dc
332 1661 553 1720 dominationem,
569 1661 596 1709 dc
617 1676 692 1708 omne
707 1674 823 1721 nornen,
842 1663 909 1724 qood
922 1661 1066 1709 nominator
1081 1691 1092 1718 ,

137 1742 188 1774 non
209 1730 286 1775 toldrn
300 1730 324 1775 in
338 1731 385 1777 boe
407 1730 516 1785 sturlo,
535 1728 575 1778 sed
590 1731 665 1778 eciam
686 1729 711 1776 in
726 1725 817 1778 sucuro.
834 1731 868 1778 Et
881 1730 965 1778 onr'nia
988 1727 1095 1794 subjecit

137 1799 181 1842 inb
200 1798 305 1859 pedibus
326 1797 376 1856 ejus
399 1802 444 1844 τι(
461 1798 540 1864 ipt'nm
560 1799 629 1848 dedit
643 1809 718 1864 capnt
735 1797 806 1863 supra
820 1813 923 1849 omnem
946 1798 1095 1849 Ecclesiam.

136 1865 225 1927 Lpdejl
244 1883 304 1914 c.·r.
319 1882 341 1914 ν.
357 1884 393 1928 ¹9·
410 1884 450 1916 ao.

151 1985 1096 2068 *Euam—*wsm-

372 2131 472 2216 LE
506 2132 542 2217 C
577 2133 616 2216 T
649 2132 671 2214 I
702 2135 740 2214 Ο
810 2131 859 2218 V.

286 2308 341 2374 De
358 2305 497 2375 Generis
514 2308 670 2376 Humani
691 2309 947 2399 Redemptionc.

143 2464 350 2650 QUanto
369 2463 502 2544 Symboii
517 2464 643 2526 articuio
661 2463 803 2534 traditur,
819 2463 918 2523 divina
929 2465 959 2524 in
979 2465 1096 2547 generis

244 2558 361 2618 humani
374 2559 575 2639 redemptione
586 2555 817 2639 dispensatioSic
827 2554 981 2617 Deuscdir
994 2578 1097 2639 pecca·

141 2667 224 2721 turn,
240 2669 271 2710 nt
282 2653 405 2732 proprio
417 2649 478 2709 filio
489 2669 550 2710 non
560 2651 722 2731 pepercerit
734 2647 796 2732 (a),
808 2648 855 2708 sed
867 2647 1019 2710 saevissimis
1031 2670 1097 2712 crn-

143 2744 265 2806 cintibus
278 2744 424 2825 mortique
440 2741 604 2823 turpiffimae
621 2741 839 2812 tradiderit,ed
857 2742 937 2823 quod
952 2742 1049 2804 nostra
1066 2745 1099 2805 in

142 2834 172 2896 se
186 2855 304 2917 peccata
318 2834 477 2919 suscepisset
487 2833 529 2918 (b)
536 2857 549 2905 ;
564 2832 672 2915 nosque
684 2834 759 2895 silius
769 2833 828 2895 Dei
842 2835 882 2895 ita
891 2837 1011 2908 dilexit,
1028 2833 1099 2897 urse

139 2927 246 3009 sponte
264 2929 307 2989 his
327 2931 501 2992 cruciatibus
523 2931 669 3010 mortique
692 2926 830 3000 offerret,
849 2945 881 2988 ut
899 2948 964 3009 quae
984 2927 1099 3003 jusiitiae

142 3022 251 3083 divinae
264 3022 438 3084 debebamus
451 3021 594 3094 solveret,
607 3019 717 3102 nosque
732 3021 870 3103 sanguine
884 3019 937 3084 suo
949 3022 964 3082 ἐι
975 3020 1100 3083 Diaboli

141 3113 283 3196 potestate
295 3133 460 3197 aeternaque
471 3131 566 3177 morte
572 3116 737 3177 redimeret.
748 3113 860 3174 Primus
872 3114 964 3176 homo
974 3131 1099 3197 peccato

142 3206 195 3267 suo
217 3226 341 3271 mortem
359 3210 389 3270 in
412 3208 551 3271 mundum
572 3209 724 3270 induxerat
744 3206 814 3290 (c):
826 3205 911 3290 seque
930 3227 964 3268 ac
982 3206 1101 3289 stirpem

144 3319 280 3371 omnem,
293 3303 380 3362 rnorti
396 3319 456 3362 oon
472 3302 608 3381 corporis
620 3299 729 3374 ruodo,
743 3299 790 3361 sed
805 3300 834 3360 dr
852 3301 973 3371 atrimae,
983 3301 1102 3362 aeternis

144 3392 249 3471 nempe
267 3390 424 3473 suppliciis,
437 3390 640 3454 obstrinxerat.
657 3391 698 3453 Er
718 3393 769 3452 illo
783 3393 949 3454 animasium
969 3391 1102 3454 vidimac

146 3482 217 3548 Deo
228 3485 360 3547 homines
369 3483 546 3559 offerebant,
559 3507 624 3566 qnae
638 3505 738 3546 corant
751 3485 850 3565 ipso&
863 3485 1023 3547 mactabant
1033 3486 1063 3547 dc
1072 3487 1108 3548 iu

145 3579 274 3638 cinerem
285 3580 471 3660 redigebant,
484 3579 547 3660 qud
560 3578 586 3641 se
601 3598 697 3641 morte
718 3580 823 3659 dignos
836 3576 1046 3658 agnoscerent:
1061 3577 1103 3640 Ar

146 3671 330 3732 irrationales
339 3670 439 3733 hostiae
450 3672 532 3753 justae
541 3671 601 3734 Dei
615 3673 667 3735 irae
684 3672 926 3754 piacandaepares
941 3692 1002 3733 non
1019 3690 1104 3734 erant

145 3762 202 3844 (d).
219 3762 347 3824 Christus
366 3764 457 3837 tirius,
470 3767 535 3827 cunr
553 3766 581 3826 dr
602 3767 660 3847 pati
675 3785 706 3825 ur
726 3766 816 3825 horno
831 3761 936 3846 posset,
949 3767 979 3824 dt
997 3763 1102 3826 infiniti

146 3873 177 3915 nt
200 3855 282 3927 Deus
302 3855 372 3917 esset
390 3859 512 3932 meriti,
536 3876 664 3940 paterne
691 3858 808 3937 justitiae
831 3856 917 3939 piene
938 3855 1106 3921 satisfacere

149 3967 266 4030 poterat
275 3949 314 4032 (e)
324 3973 330 4008 :
340 3949 446 4010 infiniti
457 3953 539 4032 pretii
551 3951 704 4032 passionem
715 3973 770 4033 pro
781 3951 883 4011 meritd
895 3951 1005 4031 peccati
1017 3951 1105 4032 poend
1124 4021 1128 4030 .

150 4039 286 4102 nsi'erens.
304 4044 356 4104 lise
375 4045 462 4123 igitur
482 4041 749 4116 innocentissimus,
771 4044 920 4104 hominum
935 4047 1105 4105 nocentiora

143 4137 245 4204 iocum
264 4134 358 4196 subiit:
371 4157 450 4198 mors
468 4137 530 4215 ejus¹
544 4138 646 4198 mortis
659 4136 796 4198 destruxit
807 4138 958 4218 imperium
971 4135 1037 4220 (ᾖε
1051 4139 1106 4208 do,

183 4379 230 4438 (n)
251 4380 320 4428 Rorn-
337 4394 357 4424 r.
373 4380 396 4427 si.
409 4396 432 4425 ν.
448 4393 488 4438 3²·
523 4381 565 4439 (b)
585 4379 634 4444 lfa.
653 4397 675 4426 c.
695 4391 732 4437 53.
753 4381 792 4438 (c)
810 4379 879 4424 Rom.
894 4393 914 4426 c.
931 4389 952 4434 ς.
964 4393 987 4424 ι’.
1002 4388 1038 4430 21.

183 4449 229 4520 gd)
242 4447 280 4522 s's.
291 4462 331 4516 39·
346 4465 369 4499 ι’.
383 4462 407 4513 7.
444 4453 485 4522 (c)
497 4446 574 4509 chyr,
585 4465 623 4502 to.
637 4466 660 4500 r.
671 4464 696 4512 4.
711 4444 768 4516 (f)
782 4448 879 4504 sirsnc.
891 4458 923 4502 u·
936 4459 960 4501 ν.
980 4457 1021 4513 14.¹
