2556 5040
120 591 192 686 '3'64
375 592 900 661 CATECHISMUS.

122 703 299 795 percipienti
308 708 378 792 quid
395 701 514 773 evenit?
537 708 572 769 R
585 707 702 770 Debilis
713 709 810 770 anima
826 703 1023 790 languensque
1048 704 1101 787 jan-⁴

124 825 181 866 cet.
191 803 213 864 l.
223 803 264 864 At
281 802 426 865 cunRisne
439 801 556 885 prodest
570 800 757 864 Eucharistiae
771 801 944 885 perceptio?
963 800 1002 860 R.
1015 800 1096 862 Non

124 895 180 958 nisi
194 895 270 958 resse
286 893 394 958 affeffis
407 896 486 957 utilis
497 895 548 957 est.
561 896 582 955 l.
597 895 746 975 Quaenam
759 914 856 957 autern
878 894 913 955 ad
932 893 1010 954 illam
1035 912 1095 954 ne·

124 988 246 1050 cessario
256 989 460 1069 requiruntur?
470 987 505 1049 R.
519 988 645 1049 Primum
658 1007 690 1049 ut
704 988 797 1070 gratid
810 985 908 1047 divini
920 987 985 1068 quis
1005 1007 1092 1069 prae·

125 1081 201 1143 ditus
214 1079 285 1141 stt.l.
300 1079 362 1142 Cur
372 1081 587 1142 Communioni
597 1079 683 1142 sactae
697 1100 786 1141 nocet
806 1078 995 1141 mortiferum
1015 1098 1094 1158 pec·

39 1189 40 1192 ’
125 1173 598 1255 catunth.Quiacibutncapere
610 1170 1091 1255 mortuusnemopotell.1.Narra

124 1264 326 1347 dispositiones
339 1267 488 1348 reliquas?
506 1266 542 1326 R.
560 1267 664 1340 Fides,
679 1269 805 1327 virtutes
823 1284 942 1339 omnes,
958 1262 1093 1325 maxime

124 1358 249 1421 charitas
262 1359 291 1418 in
302 1361 476 1442 proximum.
489 1359 509 1420 Ι.
522 1358 702 1421 Graviterne
713 1375 813 1440 peccat
825 1360 874 1440 qui
894 1356 1015 1437 indigne
1025 1355 1091 1416 Eu·

125 1449 288 1512 charistiam
308 1448 412 1514 sumit?
435 1453 471 1512 R.
492 1453 636 1513 Judicium
658 1451 711 1513 sibi
730 1453 891 1512 manducat.
904 1450 925 1510 l.
938 1448 1020 1530 Quid
1037 1447 1083 1511 est

129 1546 285 1606 Waricum?
304 1547 339 1606 R.
352 1545 551 1608 Morientibus
564 1546 669 1607 tradita
691 1542 878 1606 Eucharistia.

138 1686 847 1766 ᾗπερ-εξε-

301 1848 467 1933 LEC
505 1848 670 1934 ΤΙΟ
728 1848 907 1982 XXV.

340 2040 396 2108 Dr
413 2041 630 2111 Poenitrntiae
645 2039 880 2110 Sacramenta.

199 2196 282 2259 Osa
302 2196 476 2278 Baptismutn
499 2196 530 2258 dt
546 2195 815 2259 confirmationem
835 2195 1016 2260 Eucharillia
1028 2195 1089 2260 sola

200 2288 369 2353 Clitislianis
379 2291 414 2352 ad
428 2293 541 2352 obitum
554 2289 643 2374 usque
652 2310 727 2373 opus
737 2289 794 2352 esse
807 2292 938 2353 deberet.
948 2291 990 2352 At
1003 2292 1088 2374 pauci

125 2382 190 2446 sunt
201 2385 250 2464 qui
266 2384 294 2443 in
308 2400 425 2467 peccata
440 2385 554 2446 lethalia
569 2405 630 2445 non
649 2385 797 2459 incidant,
815 2404 883 2467 quae
899 2383 1029 2447 animam
1040 2404 1089 2446 ex·

125 2476 216 2538 tinsld
231 2478 371 2540 charitate
382 2479 545 2559 perimunt,
555 2477 585 2539 dt
595 2476 1090 2559 aeterntimortedignasunt.Tanto

125 2571 207 2632 malo
219 2572 332 2632 nullum
346 2570 410 2653 poll
422 2571 564 2654 Baptisma
575 2573 735 2633 remedium
756 2569 798 2634 est
812 2589 920 2654 praeter
934 2569 1088 2632 Poeniten-

125 2663 176 2724 riae
191 2663 408 2726 Sacramentum
423 2686 433 2738 ;
456 2666 535 2747 quod
549 2667 597 2747 qui
611 2683 781 2748 accepturus
793 2662 850 2737 est,
863 2665 951 2726 debet
961 2663 1088 2746 primunt

124 2757 163 2818 de
177 2759 304 2839 peccatis
323 2758 633 2841 poenitere&s1ntere
649 2759 769 2831 dolere,
786 2755 843 2818 side
860 2757 890 2818 &
903 2758 1014 2818 timore
1026 2755 1087 2818 Dei

125 2868 298 2934 permotus,
319 2872 384 2913 curn
407 2851 494 2913 sirmo
524 2850 678 2934 proposito
700 2853 770 2912 vitae
793 2851 1006 2925 emendandae,
1027 2869 1090 2932 quo

125 2945 267 3027 peccandi
283 2946 421 3013 voluntas
440 2944 525 3026 pland
544 2944 726 3018 excluditur,
743 2944 956 3026 includitutque
973 2944 1086 3005 initium

125 3035 289 3096 dileslionis
299 3034 368 3097 Dei.
377 3035 460 3117 lsque
469 3037 556 3098 dolor
566 3037 739 3118 poenitentis
752 3057 806 3098 cot
823 3056 1003 3110 conterens,
1020 3038 1089 3097 Cun-

125 3130 199 3187 rrin‘o
211 3126 326 3188 dicitur.
341 3127 496 3189 Sacerdoti
509 3120 615 3190 deinde
632 3126 832 3190 confitendum
849 3130 910 3205 etl,
932 3130 964 3190 dt
979 3127 1090 3191 sincere

124 3220 302 3303 exponenda
311 3223 410 3282 omnia
420 3239 537 3304 peccata
546 3268 555 3297 ‚
565 3242 691 3303 quorum
701 3221 819 3304 quisque
830 3221 881 3283 fibi
894 3221 1029 3286 conscius
1039 3219 1091 3285 esl.

124 3311 204 3375 Tum
218 3311 341 3375 fideliter
354 3316 500 3398 implenda
518 3336 607 3396 poena
619 3315 636 3378 ai
649 3315 810 3377 Sacerdote
824 3319 950 3398 peccatis
970 3315 1090 3399 expian-

125 3407 171 3470 dis
184 3406 404 3490 imposrta.Tria
418 3410 551 3491 igiturex
565 3427 646 3491 parte
656 3410 825 3494 poenitentis
838 3407 996 3471 necessaria
1008 3407 1072 3470 sunt
1079 3427 1092 3482 ;

110 3503 280 3575 Centurio,
298 3499 395 3565 saltem
414 3498 607 3585 impersec‘la3
631 3502 775 3584 Confcffin‚
796 3501 964 3582 Sartssatrio.
986 3501 1090 3564 Solent

120 3616 206 3681 pune
221 3596 343 3656 nornine
361 3594 508 3679 praescribi
528 3597 629 3658 onmia
648 3597 797 3657 bonorum
816 3614 941 3677 opetum
964 3614 1091 3677 genera,

127 3688 245 3760 eratin,
263 3686 406 3766 jejunium
422 3733 431 3760 ,
449 3690 481 3750 δι
499 3686 688 3766 eleemosyna
699 3709 705 3747 ε
716 3688 881 3770 debentque
893 3708 951 3771 pro
971 3686 1091 3752 ratione

125 3782 240 3864 peccati
251 3781 281 3841 δι
294 3783 465 3863 poenitentis
476 3781 587 3842 viribus
601 3782 766 3864 temperari.

173 3877 355 3957 interrogatio.
372 3875 493 3955 Quibus
506 3871 693 3936 necessarium
713 3874 755 3934 est
776 3873 961 3935 Poenitentiae
985 3872 1088 3937 Sacra·

126 3968 280 4029 mentum?
294 3968 442 4054 Responfio.
456 3968 492 4028 lis
504 3969 553 4047 qui
566 3967 671 4040 lethale
688 3966 756 4048 quid
767 3966 831 4050 post
840 3965 1013 4049 baptismum
1023 3986 1091 4050 pec-

126 4076 279 4120 caverunt.
294 4059 315 4122 l.
325 4060 478 4141 Quidnam
491 4059 532 4122 est
545 4062 651 4123 lethale
663 4078 811 4143 peccatum
825 4061 836 4120 ἓ
851 4058 887 4119 R.
898 4059 994 4139 Quod
1004 4079 1090 4120 anter·

126 4151 165 4213 nai
178 4168 274 4212 morte
287 4154 405 4234 dignum
423 4152 502 4215 facit.
514 4153 535 4214 1.
547 4154 633 4235 Quid
646 4155 793 4236 peccatori
807 4152 970 4214 faciendum
985 4169 1016 4214 ut
1033 4152 1091 4212 hoc

127 4244 344 4309 Sacramentum
368 4244 521 4328 suscipiat?
539 4246 574 4306 R.
594 4246 750 4308 Contritus
776 4245 808 4305 srt
835 4264 971 4326 oportet,
995 4242 1092 4306 consi·

128 4356 243 4408 tratur,
260 4334 422 4400 satisfaciat.
432 4340 451 4398 l.
463 4337 547 4418 Quid
557 4337 598 4402 est
611 4337 799 4399 contritiolR.
810 4337 910 4398 Dolor
919 4338 955 4398 de
970 4333 1092 4399 admisso

128 4427 352 4519 peccato,ci1nr
370 4431 526 4516 proposito
546 4432 731 4496 emendandi.
752 4431 774 4494 l.
795 4429 930 4494 Potestne
954 4432 978 4493 is
1004 4425 1095 4495 odffe

691 4722 772 4751 A

661 4802 743 4931 'li

428 4762 502 4905 ¹f'
