2556 5040
282 583 623 651 ntsronrcns
669 584 868 652 rinion
1007 601 1079 675 '391'

131 697 268 766 amnibus
284 697 403 762 absurda
417 701 568 762 innumera
590 699 802 762 fabulabantur.
823 699 976 762 Addebam
991 699 1075 762 femi·

135 811 207 867 nas,
221 811 293 873 quas
304 793 390 864 deas;
404 793 434 853 dr
447 789 540 864 filios,
551 793 624 854 deos
634 810 683 853 aut
699 790 855 854 semideos:
873 791 961 874 iisqne
974 793 1075 853 huma·

136 902 193 945 nos
207 902 310 944 omnes
323 879 441 945 affesius
454 883 484 943 dt
501 885 573 945 vitia
585 884 756 945 tribuebant.
771 884 835 945 Nec
852 885 950 944 animo
964 883 1077 964 fingere

138 975 293 1045 contenti,
306 975 380 1056 apud
397 974 424 1036 se
437 975 544 1037 habere
557 975 708 1037 volebant.
715 975 870 1037 Simulacra
881 976 992 1056 lignea,
1003 977 1076 1056 lapi·

137 1064 191 1127 dea
201 1111 210 1140 ‚
220 1085 313 1139 aerea,
321 1065 417 1128 aliisve
429 1067 447 1128 ὲ
459 1067 582 1128 metallis
598 1065 827 1140 fabricabantur,
838 1068 944 1146 quibus
954 1067 1076 1128 deorum

137 1159 259 1220 nomina
274 1158 474 1240 imponerent,
492 1160 529 1219 ab
542 1160 576 1220 iis
590 1158 694 1220 reveri
707 1160 857 1219 inhabitari
876 1157 954 1239 signa
971 1177 1077 1239 putan-

137 1264 202 1322 tes,
213 1269 303 1329 eaque
314 1251 542 1331 precabantur&
557 1251 723 1310 adorabant.
738 1251 775 1310 lis
788 1250 893 1331 templa
906 1250 936 1310 dr
948 1269 1012 1311 aras
1023 1249 1078 1310 lia·

138 1339 365 1413 ruebant,sacra
382 1340 524 1422 sellosque
541 1342 603 1402 dies
618 1361 725 1421 magno
739 1359 875 1424 apparatu
886 1341 1078 1404 celebrabant.

137 1433 187 1493 Sic
208 1436 251 1494 eis
270 1433 409 1495 illudente
425 1431 557 1494 Diabolo
569 1479 580 1507 ‚
590 1432 650 1513 qud
662 1433 711 1495 i'ub
724 1436 760 1494 iis
773 1432 833 1515 ipse
844 1435 1008 1494 nominibus
1023 1452 1077 1495 co·

137 1524 265 1595 leretur,
278 1523 386 1606 eosque
399 1525 548 1605 religionis
556 1523 648 1606 specie
658 1527 693 1584 ad
705 1524 828 1586 nesanda
839 1545 963 1605 quaque
976 1525 1077 1606 impel-

137 1615 220 1677 leret.
228 1615 336 1678 Eorum
348 1619 422 1677 enirn
432 1614 501 1678 seila
514 1616 587 1679 ludis
599 1615 629 1677 bt
638 1616 750 1678 luxurii
758 1614 926 1677 constabant
936 1610 994 1698 (A).
1004 1616 1078 1677 Bac·

138 1707 212 1769 chus
225 1708 364 1771 ebrietate
375 1709 534 1770 colebatur.
544 1707 613 1768 Erat
626 1708 676 1769 ubi
688 1708 823 1769 mulieres
836 1708 950 1790 publice
968 1710 998 1767 in
1015 1707 1078 1769 lle·

137 1800 217 1860 neris
227 1801 368 1862 honorem
381 1798 543 1883 prostarent
559 1794 620 1952 (ιζ
629 1799 679 1860 ubi
688 1818 784 1881 patres
792 1798 868 1861 filins
875 1800 1012 1882 proprios
1023 1800 1080 1861 diis

138 1889 239 1953 inseris
252 1892 396 1972 placandis
413 1889 569 1953 madlarent
628 1891 823 1952 incenderent.
835 1890 922 1952 Erant
941 1890 1080 1972 imposio-

139 2002 188 2044 res
201 1984 343 2045 innumeri
357 1984 406 2067 qui
422 1981 449 2045 se
464 1984 563 2045 talium
575 1983 695 2045 deorum
712 2003 795 2044 vates
810 1983 955 2056 dicerent,
968 1983 1080 2044 sutura·
1193 2063 1195 2067 Ι

136 2093 195 2155 que
209 2092 259 2138 aut
272 2077 387 2138 occulta
403 2074 556 2137 enuntiare
567 2075 772 2156 pollicerentur
786 2096 794 2133 ε
808 2074 856 2136 aiii
875 2073 1007 2153 syderum
1025 2077 1080 2136 ob·

136 2164 323 2242 servatione,
335 2168 382 2228 alii
399 2168 544 2229 erarium
557 2183 645 2228 cantu
655 2186 707 2230 aut
723 2169 846 2240 volatu,
861 2167 910 2227 alii
922 2167 1080 2228 hostiarum

138 2260 224 2319 ertit.
237 2257 311 2321 Dies
323 2259 371 2320 alii
388 2256 469 2332 sadi,
482 2259 530 2319 aiii
542 2256 641 2320 nefasti
655 2260 826 2341 putabantur
837 2280 845 2319 ι
858 2259 1082 2320 attendebantur

135 2346 263 2423 somnia,
279 2347 371 2410 iiultis
385 2349 484 2410 omnia
496 2348 742 2430 superstitionibus
756 2349 909 2412 scatebant.
920 2350 1024 2412 Mores
1033 2353 1081 2410 in·

138 2443 223 2502 terim
239 2441 346 2522 ubique
357 2437 555 2520 corruptiffimi
573 2440 688 2500 :omnia
701 2458 768 2502 toto
783 2458 925 2502 terrarum
940 2441 1015 2504 orbe
1026 2441 1082 2503 lla·

137 2532 210 2614 gitia
224 2532 384 2614 regnabant
397 2523 460 2610 (s).
472 2528 542 2591 Non
555 2527 634 2611 qubd
648 2530 726 2591 ratio
737 2531 843 2611 lexque
854 2549 969 2594 natutae
981 2534 1012 2593 in
1027 2533 1083 2596 bo·

138 2625 249 2684 minum
266 2624 369 2684 animis
381 2640 440 2683 non
454 2617 627 2702 superesset:
645 2618 692 2682 sed
711 2622 750 2681 ita
766 2619 914 2703 neglesia‚
925 2640 958 2682 ut
971 2624 1000 2681 in
1012 2643 1084 2703 pro·

137 2716 233 2797 prium
249 2733 401 2797 peccantes
413 2711 549 2791 judicium
560 2714 746 2775 nocentiores
761 2711 888 2773 ediceret
905 2716 962 2799 (g).
975 2715 1083 2775 Serva·

135 2811 210 2870 toris
223 2809 308 2870 unius
324 2821 407 2883 erat,
421 2823 452 2866 ut
463 2824 556 2892 genus
570 2805 726 2869 humanum
739 2805 756 2868 ai
778 2820 857 2867 tanta
868 2805 1029 2868 calamitate
1048 2806 1086 2880 li·⁴

137 2896 264 2961 beraret.

168 3030 218 3093 (d)
231 3029 290 3094 Sap.
305 3045 326 3078 e.
340 3043 376 3090 ιι.
389 3046 412 3079 r.
422 3046 462 3082 ιι.
474 3044 512 3091 23.
521 3028 655 3079 Etrurine.
665 3032 681 3078 6
692 3045 716 3078 ν.
725 3041 766 3090 ιι.
778 3029 818 3088 (ι)
830 3024 951 3078 Herenni.
964 3024 1006 3077 lib.
1021 3026 1042 3078 1.
1054 3027 1083 3080 C.

170 3096 218 3162 (f)
234 3101 305 3149 lium.
322 3115 344 3149 c.
358 3113 379 3151 ι.
393 3115 415 3149 ν.
428 3103 465 3151 aii.
480 3114 519 3163 ²9·
532 3098 577 3151 &t-
594 3100 633 3166 (3)
643 3099 716 3149 Rem.
728 3114 750 3152 c.
765 3113 788 3149 ι.
805 3114 829 3147 ν.
848 3108 885 3159 ις.

389 3224 823 3293 TESTIMONIA.

168 3356 233 3417 Quis
244 3353 361 3407 formavit
372 3357 471 3417 Deum,
486 3356 512 3405 dc
525 3355 640 3423 sculptile
652 3358 771 3409 conflavit
788 3359 821 3409 ad
844 3360 907 3411 nibli
923 3362 985 3413 utile
1001 3363 1014 3412 i
1030 3362 1097 3414 Cor·

137 3426 253 3492 insipiens
266 3429 375 3475 adoravit
387 3427 465 3487 illud,
484 3424 510 3474 u
521 3439 570 3473 non
586 3424 700 3474 llberavit
712 3428 821 3478 animant
832 3425 899 3480 suacn
914 3461 923 3490 ‚
945 3447 1027 3495 neque
1048 3432 1087 3482 dl·

137 3508 197 3544 cet:
213 3492 287 3543 Fnrtd
301 3493 499 3545 mendaciumesi
509 3494 533 3542 in
545 3493 632 3542 dextra
639 3509 702 3543 mea.
712 3489 763 3557 lfa.
772 3511 795 3546 c.
804 3511 846 3556 44.
859 3512 884 3549 ν.
896 3513 935 3549 ιο.
949 3513 990 3549 ιο.

174 3563 236 3612 Vani
248 3561 395 3611 suntomnei
407 3564 537 3620 homines,
551 3561 674 3624 inquibus
696 3577 747 3612 non
766 3563 845 3615 sabell
855 3565 957 3617 selentia
970 3567 1019 3617 Del
1033 3584 1039 3616 ι
1058 3566 1086 3619 dt

137 3632 171 3681 de
183 3632 220 3681 itin
234 3647 285 3693 qua
297 3633 413 3680 videntur
424 3633 505 3689 bona,
518 3645 567 3679 non
584 3642 720 3694 potuerunt
732 3634 874 3698 intelligere
886 3650 943 3685 eum
956 3638 1016 3698 ‚qui
1033 3634 1087 3695 elit

137 3715 219 3762 neque
232 3701 347 3764 operibus
372 3703 531 3750 attendentes
544 3710 697 3763 agnoverunt
719 3704 773 3764 quit
789 3705 852 3752 etl'et
863 3702 962 3753 artistic.
976 3705 1025 3753 Sed
1042 3716 1087 3754 aut

138 3772 223 3833 ignem
239 3803 247 3826 ,
260 3779 300 3817 aut
313 3768 422 3834 spiritum
436 3804 443 3829 ,
457 3781 498 3819 aut
508 3766 611 3817 citatum
622 3772 706 3817 adrem
715 3804 723 3832 ,
733 3782 774 3820 aut
785 3785 872 3838 pyrum
884 3772 1007 3823 stellarum
1021 3808 1030 3832 ,
1042 3783 1087 3825 aut

138 3838 241 3887 nimiam
261 3851 366 3898 nquam,
387 3848 428 3886 ant
446 3837 529 3888 Solem
542 3836 566 3884 dc
588 3837 682 3887 Lunam
701 3872 710 3900 ,
739 3839 848 3889 rediorer
875 3838 944 3889 orbit
967 3852 1086 3893 tetrarum

138 3908 199 3957 dens
214 3917 368 3969 putaverunt.
382 3907 442 3967 Sap.
456 3924 477 3954 c.
497 3917 535 3967 ις.
548 3921 571 3953 ν.
591 3917 612 3953 ι.
632 3920 657 3954 ι.

174 3971 290 4023 infelices
304 3986 387 4024 autem
403 3974 456 4023 l'unr
466 4009 475 4033 ,
486 3973 511 4021 dc
523 3974 588 4022 inter
599 3985 709 4023 mortuos
720 3971 775 4038 spec
788 3975 885 4023 illerum
899 3973 933 4024 eil
948 3974 1025 4037 ,quid
1039 3990 1088 4042 ap.

138 4043 293 4108 peliaverunt
308 4045 368 4090 deos
392 4057 467 4107 opera
489 4054 603 4090 manuum
624 4043 774 4101 hominurn,
792 4057 876 4092 aurum
889 4040 914 4090 dt
935 4056 1088 4107 argentum,

136 4120 180 4161 aut
193 4111 300 4176 lapident
313 4112 423 4161 inntiiern
436 4145 443 4168 ‚
455 4125 516 4175 opus
529 4124 614 4158 rnanut
628 4112 741 4173 antique.
754 4110 816 4175 Sap.
827 4126 848 4159 c.
869 4125 907 4170 ιι.
917 4126 940 4159 ν.
954 4125 991 4160 to.

170 4179 227 4226 Non
244 4179 366 4228 erubescit
376 4181 442 4240 loqui
454 4194 509 4226 cum
521 4178 563 4226 iilo
574 4210 581 4236 ,
591 4181 630 4240 qni
644 4180 692 4230 sine
706 4180 786 4228 rnimn
805 4178 840 4228 esi
850 4212 858 4237 ‚
870 4179 894 4226 ἃ
908 4192 956 4244 pro
975 4181 1028 4228 vita
1044 4193 1089 4228 ro·

134 4258 178 4311 gat
192 4252 358 4306 mortuum&
371 4250 394 4295 in
408 4246 555 4305 adiutorium
567 4248 680 4297 inutilem
694 4248 801 4296 invocat.
814 4246 865 4310 ssu.
880 4263 899 4293 c.
919 4258 956 4303 ιι.
970 4263 993 4295 ν.
1003 4260 1038 4303 ιγ.
1052 4248 1090 4296 18.

170 4315 266 4363 Similes
277 4317 324 4368 lilii
335 4317 444 4380 ᾶιιιιιμιὶ
457 4314 549 4367 iaciunt
562 4327 612 4378 ea,
632 4316 658 4367 ik
680 4331 765 4369 omnes
782 4317 824 4381 qui
846 4314 920 4364 confit
931 4325 977 4366 unt
998 4315 1025 4368 iu
1044 4316 1090 4369 tir·

135 4381 178 4448 ΡΙ.
208 4384 283 4448 api.

860 4454 956 4527 libia,
