2572 4958
238 519 316 590 ³608
550 520 962 600 ExioslTlo.

234 634 323 719 ipsius
332 630 591 723 participationem
605 640 772 706 substantia
790 689 800 721 ,
819 665 854 709 ac
874 662 922 707 tot
937 644 1012 717 alia,
1024 659 1094 730 quta
1105 662 1216 714 verm

234 731 378 793 denotant
397 731 608 815 praesentiam,
633 757 758 818 quaeque
785 737 863 822 ipsos
884 734 922 800 nil
944 737 996 800 nist
1016 741 1213 822 impediunt,

232 828 412 888 omitterent.
425 827 499 889 Satis
517 829 656 890 exanimi
676 827 717 890 sui
730 829 874 893 sententia
896 830 1077 904 seeillent,st
1094 836 1208 897 nullam

230 919 268 980 in
286 918 381 981 Coenti
394 920 477 980 aliam
490 939 556 982 cum
571 919 692 982 Christo
703 925 947 986 communionem
962 922 1211 1002 elementem,

229 1013 321 1093 quam
343 1014 458 1092 quaein
479 1015 692 1093 ptaedicatione
711 1016 920 1100 Baptismoque
942 1020 1130 1100 reperiatur3
1150 1038 1208 1081 nec

231 1104 371 1188 profesio
381 1102 527 1180 dixissent,
542 1107 584 1168 uti
595 1105 697 1169 dixille
710 1110 852 1183 vidimus,
861 1113 939 1192 plene*
951 1113 982 1171 in
995 1110 1092 1172 coena
1102 1110 1209 1173 Clitis·

231 1214 313 1273 tunt‚
327 1200 394 1260 alibi
404 1219 522 1282 exparte
536 1201 651 1261 tantiam
663 1205 782 1283 percipi.
793 1203 832 1263 At
843 1210 976 1283 quamvis
985 1202 1025 1264 εὸ
1035 1202 1084 1265 lua
1094 1202 1206 1286 sponte

231 1289 399 1363 ferrentur,
414 1292 459 1352 vis
469 1296 629 1354 verborum
641 1297 833 1377 repugnabat.
844 1296 922 1358 Cum
934 1299 1011 1359 enim
1022 1298 1125 1358 verbis
1140 1296 1203 1360 tam

232 1383 347 1446 disertis
360 1383 501 1447 Christus
518 1383 630 1448 dixisset
642 1391 871 1472 :Hocestcorpus
881 1412 963 1449 meum
973 1391 1033 1462 ‚lic
1045 1390 1208 1474 eslsangut'r

232 1500 323 1551 meus,
347 1478 428 1559 quod
444 1497 500 1539 nec
512 1479 574 1540 ullo
594 1499 720 1562 unquam
739 1483 798 1543 alio
815 1502 948 1564 tempore
966 1483 1058 1556 dixit,
1085 1503 1143 1546 nec
1162 1485 1202 1545 de

232 1570 292 1634 ulla
310 1591 436 1650 unquam
454 1571 513 1633 alia·
527 1591 581 1646 τες
596 1576 661 1653 quis
677 1577 813 1637 omnibus
828 1573 984 1637 Christiani
1001 1577 1130 1637 hominis
1147 1595 1200 1639 ac·

232 1664 310 1727 tibus
327 1665 546 1727 communicare
566 1669 688 1727 auderet
708 1713 716 1742 ‚
740 1668 820 1749 quod
843 1688 926 1730 cetto
948 1669 1062 1730 cuidam
1086 1668 1197 1732 Sacra·

231 1776 337 1819 mento
352 1755 481 1837 expressa
499 1758 562 1835 ejus
580 1760 712 1843 adjungit
732 1764 831 1822 oratio
849 1763 861 1824 ἓ
879 1761 998 1823 Deinde
1017 1761 1200 1825 divinorum

230 1851 329 1912 omnis
342 1850 418 1910 ordo
438 1851 652 1927 consiliorum,
671 1852 904 1932 mysteriorum,
927 1853 1130 1936 doslrinaeque
1152 1854 1198 1917 se·

224 1947 309 2018 ries,
329 1941 437 2004 Christi
451 1947 480 2005 in
497 1943 592 2006 coena
606 1945 805 2027 propositum,
822 1946 938 2029 ipsaque
952 1945 1084 2029 usurpata
1103 1948 1201 2011 abeo

228 2041 342 2112 verba,
355 2038 384 2097 et
399 2057 485 2117 quam
503 2037 605 2098 natuti
624 2036 672 2099 suti
685 2037 813 2100 fidellum
833 2040 977 2101 mentibus
993 2039 1118 2122 speciem
1135 2042 1197 2103 irn-

228 2135 378 2216 primunt,
390 2131 490 2191 omnia
504 2134 542 2190 nil
559 2129 611 2190 nist
629 2150 690 2190 tem
704 2133 917 2213 veritatemque
930 2134 1064 2194 clamant.
1081 2132 1198 2214 Quare

167 2232 171 2241 '
220 2221 425 2287 adversarios
448 2224 581 2304 oportuit
601 2220 742 2300 ejusmodi
762 2245 853 2285 voces
878 2227 1049 2307 excogitare
1065 2246 1198 2307 quatum

218 2317 329 2381 -saltem
345 2315 432 2377 sonus
447 2313 596 2376 consulam
611 2315 738 2396 aliquam
758 2319 799 2377 rei
820 2319 897 2379 illius
918 2317 1108 2400 veritatisque
1126 2318 1194 2402 spe·

227 2412 304 2473 ciem
317 2409 509 2475 adumbraret.
522 2408 587 2490 Qui
601 2410 648 2469 vel
662 2407 729 2470 fidei
751 2409 874 2472 omnino
893 2427 924 2472 ut
940 2410 1086 2472 Catholici
1102 2458 1112 2484 ‚
1139 2415 1193 2476 vel

226 2521 261 2566 ut
279 2503 417 2566 infideles
440 2502 576 2563 humanae
594 2503 721 2564 omnino
734 2507 842 2565 rationi
858 2504 1002 2566 inhaerent
1019 2550 1029 2578 ‚
1048 2505 1067 2563 ii
1085 2503 1196 2570 seriem

226 2600 373 2680 quandam
388 2592 523 2678 possunt,
538 2595 770 2679 aequabilemque
788 2598 931 2658 dnslrinae
952 2598 1086 2658 ordinem
1103 2596 1192 2660 cons·

227 2692 343 2755 tituere.
357 2690 397 2750 At
413 2690 461 2772 qui
480 2687 591 2750 ntislum
605 2689 674 2769 quid
687 2709 722 2750 ex
741 2691 865 2771 utraque
877 2691 1008 2753 conllare
1026 2710 1195 2772 quaerunt,

217 2771 248 2845 'ii
262 2783 373 2847 necesse
387 2781 428 2844 eli
445 2800 551 2862 praeter
564 2779 724 2843 institutum
734 2785 930 2844 multatlicant
942 2831 951 2855 ,
964 2782 1109 2863 ineasque
1123 2786 1191 2866 opi·

225 2881 332 2941 nioncs
349 2877 375 2938 se
390 2875 551 2947 inducant,
568 2894 633 2954 quae
651 2874 715 2936 citm
735 2877 805 2936 nihil
830 2877 956 2937 habeant
976 2894 1075 2957 aptum
1094 2897 1190 2957 atque

224 2989 411 3040 connexum,
422 2968 453 3027 δι
464 2965 1081 3054 luamlusnatem‘qstsecumrepugnamia
1095 2991 1187 3053 aper<

225 3062 328 3124 tissime
345 3060 477 3144 prodant.

271 3157 302 3216 ld
322 3154 397 3237 ergo
418 3150 524 3213 nolitis
541 3152 645 3213 accidit
662 3151 860 3229 Reformatis‚
877 3158 1064 3238 permittente
1083 3155 1158 3219 Deo
1173 3164 1190 3235 ‚'

212 3249 286 3330 ⁴quo
302 3249 415 3312 facilius
428 3247 463 3308 ad
480 3244 635 3306 Ecclesiam
651 3245 833 3309 Catltolicam
854 3251 990 3311 redirent.
1004 3247 1083 3309 Cum
1101 3252 1189 3313 enim

223 3342 272 3404 sui
289 3343 368 3405 doeli
383 3340 563 3423 experientia
579 3338 751 3422 perspiciant
762 3387 772 3415 ,
784 3341 890 3402 nostris
900 3340 1023 3403 omnino
1038 3344 1189 3407 utendum

223 3434 281 3497 elle
300 3438 418 3508 verbis,
433 3433 454 3494 st
468 3453 538 3495 vera
552 3433 633 3516 loqui
651 3435 744 3495 velint
762 3455 772 3507 ;
795 3436 867 3516 quin
879 3434 970 3495 sittim
993 3435 1186 3498 animadvet⁴

222 3545 289 3590 tunt
305 3529 453 3591 nobiscum
467 3525 646 3588 sentiendum
662 3527 709 3597 ei,
725 3528 892 3608 quiverunt
912 3527 990 3589 tolie
1002 3529 1074 3588 velit
1091 3530 1185 3592 intel-

222 3622 338 3705 ligere?
352 3625 381 3684 Si
395 3641 439 3683 tot
450 3621 601 3682 sententias
618 3620 648 3678 in
663 3617 722 3680 suae
740 3618 807 3680 lidei
820 3619 1001 3703 expositione
1014 3621 1183 3699 deprehen·

222 3717 314 3791 dunt,
328 3718 431 3799 quibus
449 3713 512 3775 situs
527 3711 620 3774 sensus
634 3732 694 3772 non
717 3711 768 3773 nist
783 3715 813 3773 in
832 3713 931 3775 noslrtl
946 3712 1075 3775 doiltinit
1096 3714 1187 3779 const

221 3826 284 3873 tet:
301 3831 361 3873 non
375 3810 403 3870 id
417 3807 517 3891 sqllicit
530 3824 561 3868 ut
574 3808 727 3868 veritatem
741 3826 801 3866 non
817 3805 951 3889 nisiaputl
966 3826 1020 3868 nos
1033 3809 1186 3889 integram

223 3902 281 3965 esse
302 3903 446 3965 fateamur
466 3903 477 3961 l
502 3902 562 3961 lllae
577 3901 700 3979 denique
713 3898 853 3964 arullaea
871 3900 1006 3962 dosirini
1022 3901 1188 3966 Catholic2

223 3998 392 4078 particulae,
408 4014 474 4076 quae
491 3994 536 4053 liic
551 3993 608 4052 illic
622 3993 766 4053 incorum
783 3992 934 4056 Catecltest
952 4011 1111 4077 apparent,
1126 3993 1189 4057 suo

223 4088 336 4150 restitui
348 4089 467 4170 corpori
479 4133 487 4162 ‚
499 4100 529 4145 ut
543 4085 581 4144 ita
597 4085 708 4157 dicam,
721 4084 897 4165 postulantes
908 4134 915 4160 ‚
928 4108 1028 4150 nonne
1043 4087 1085 4149 co
1095 4109 1184 4151 corn·

223 4185 352 4264 pellunt,
373 4197 403 4241 ut
422 4181 535 4262 plenam
553 4174 770 4258 absolutamque
787 4179 972 4242 Eucharistiae
991 4183 1188 4259 exponenda

224 4277 366 4338 tationem
383 4274 411 4332 in
432 4269 567 4333 Ecclesia
584 4272 793 4332 communione
807 4274 977 4353 requirant?
993 4273 1038 4335 Εό
1051 4275 1182 4339 deveni·

224 4387 291 4435 rent
300 4366 435 4451 prolecto
445 4370 493 4445 ,ni
504 4387 607 4430 eorum
617 4362 708 4427 fidem
715 4361 841 4431 sensibus
852 4366 941 4431 nimis
949 4367 1110 4431 obnoxiam
1124 4371 1184 4435 ltu·-

1086 4482 1193 4529 Mill
