2556 5040
195 613 266 704 5⁴06
369 669 398 697 ,
445 609 957 715 caeneursuus

218 780 1154 865 Εἲὲξ--Ξ--Ξ--πὶἵῦ

362 950 740 1035 LECTIO
803 949 993 1038 XXV.

300 1139 448 1237 Qualem
489 1139 608 1209 Judaei
652 1134 819 1230 carisium
844 1135 1066 1229 expecierunt.

276 1306 479 1371 Raocnuras
502 1306 532 1368 u
553 1305 667 1391 superbi
687 1323 772 1369 erant
788 1305 904 1379 ludaei,
930 1304 1012 1387 qudd
1032 1303 1168 1368 Abrahae

292 1400 343 1460 filii
363 1399 479 1475 client,
500 1399 587 1484 seque
606 1399 709 1463 natuti
729 1399 842 1462 sanctos
863 1402 1025 1482 putabant,
1050 1397 1168 1482 dignos·

205 1514 263 1578 que
289 1495 338 1575 qui
360 1494 481 1577 reliquis
507 1496 642 1576 gentibus
662 1494 840 1577 imperarent
860 1514 867 1552 :
890 1490 996 1573 easque
1020 1509 1052 1552 ut
1074 1492 1169 1553 male·

204 1587 296 1648 dicias
312 1587 342 1647 dt
361 1588 524 1650 immundas
542 1587 654 1650 summo
669 1586 812 1671 despesiui
830 1586 976 1650 habebant
991 1583 1046 1668 (a).
1063 1585 1168 1665 ltaque

147 1712 151 1724 ·
206 1679 352 1743 Romanis
377 1701 543 1762 eorumque
558 1680 645 1744 servo
664 1680 779 1744 Herodi
798 1679 902 1761 parere
917 1678 1103 1739 intolerabile
1123 1677 1171 1739 vi·

207 1773 342 1835 debatur.
355 1772 402 1835 Ad
415 1775 617 1837 rebellandum
634 1774 779 1858 prompti,
791 1769 897 1833 Christi
909 1770 1171 1832 moddadventum

209 1867 427 1951 expediabant,
447 1887 480 1930 ut
502 1867 603 1951 jugum
622 1868 806 1930 excuterent.¹
823 1863 965 1925 Futurum
987 1865 1065 1926 enim
1088 1866 1173 1925 illum

88 2014 94 2025 ,
208 1961 350 2043 putabant
368 1976 518 2024 terrenum
536 1981 657 2042 regem,
678 1958 728 2040 qui
753 1956 903 2021 Davidem
925 1957 1006 2018 bello
1028 1957 1058 2017 δι
1074 1956 1173 2018 vidio-

209 2054 284 2126 riis,
303 2052 492 2115 Salomonem
518 2053 627 2114 divitiis
644 2052 675 2112 δι
699 2049 795 2133 gloria
814 2046 971 2131 superaret.
997 2049 1037 2110 Ea
1056 2050 1175 2112 tantum

208 2145 352 2207 vaticinia
378 2145 589 2219 attendebant,
609 2163 675 2225 quae
704 2141 841 2203 vidiorias
862 2142 893 2202 dt
914 2138 1096 2223 splendorem
1122 2143 1175 2204 lo·

208 2254 385 2319 querentur:
404 2238 439 2298 ad
459 2238 583 2298 verbum
599 2235 710 2315 figuras
729 2235 928 2316 accipientes,
941 2234 1046 2314 quibus
1061 2233 1175 2299 Christi

208 2330 370 2414 potentiam
385 2332 413 2390 dr
430 2328 606 2408 majestatem
614 2329 771 2413 Propheta
784 2327 1002 2391 adumbrabant.
1017 2328 1091 2388 Haec
1104 2348 1175 2391 car·

208 2423 291 2491 nales
313 2422 405 2487 Judaei
426 2424 604 2505 cogitabant.
617 2422 703 2484 Pauci
720 2423 859 2483 duntaxat
877 2419 1037 2503 spirituales
1059 2421 1176 2495 iudai,

209 2513 323 2577 servata
341 2514 454 2578 fidelius
473 2519 489 2578 a
506 2515 661 2599 Prophetis
681 2513 787 2577 traditi
808 2513 956 2586 doduni,
975 2513 1175 2579 sublimiorem

210 2606 354 2692 promissa
371 2609 479 2671 divinis
491 2607 600 2672 sensum
618 2606 726 2672 subeslo
738 2624 892 2671 noverant.
903 2607 1020 2686 Maiora
1038 2608 1053 2668 a
1071 2607 1174 2669 Chris-

212 2719 246 2764 to
258 2701 435 2784 expeslanda
445 2703 634 2785 bona‚quam
644 2704 692 2764 illa
702 2702 786 2783 hujus
800 2704 870 2764 vitae
884 2703 1012 2781 peritura
1027 2699 1077 2783 [b].
1088 2699 1175 2763 Illum

212 2795 283 2861 ideo
302 2797 425 2858 maximi
444 2815 621 2870 venturum,
641 2813 673 2858 ut
691 2812 811 2879 peccata
827 2795 959 2869 deleret,
975 2796 1176 2876 pietatemque

212 2888 401 2952 restitueret:
415 2909 527 2950 novum
549 2889 644 2950 soedus
670 2891 823 2951 allaturum
849 2888 944 2948 veteri
971 2885 1127 2969 persefflirs
1143 2886 1177 2954 δι

212 2982 352 3044 cordibus
373 2979 588 3063 insculptarum.
605 2974 755 3044 Daturum
771 2981 913 3063 gratiam,
936 2981 965 3040 id
977 2979 1020 3041 est
1033 2981 1176 3043 auxilium

212 3072 250 3135 ad
265 3073 360 3155 legem
372 3069 540 3137 servandam
556 3071 742 3136 necessarium
754 3074 1020 3156 :impleturumque
1032 3092 1064 3135 re
1080 3072 1177 3135 &ve-

213 3166 323 3237 ritate,
345 3185 412 3246 quae
433 3165 535 3248 figuris
555 3166 667 3230 tantum
690 3167 750 3227 Lex
770 3165 952 3228 ostendebat.
973 3165 1177 3231 adducturum

215 3277 317 3344 gentes
338 3279 440 3321 omnes
461 3261 497 3321 ad
518 3259 578 3320 Dei
600 3260 665 3322 veri
686 3261 822 3321 notitiam
838 3282 847 3320 .·
864 3256 983 3341 ejusque
999 3279 1122 3341 regnum
1138 3259 1177 3327 ad

215 3373 374 3416 venturum
391 3375 487 3419 aevum
507 3355 664 3437 pertinere.
685 3352 855 3428 Ceterum,
877 3354 953 3435 apud
973 3353 1093 3418 Judaeos
1108 3373 1177 3414 om·

216 3466 288 3521 nes,
302 3448 433 3510 carnales
447 3446 658 3530 spiritualesve‚
675 3450 763 3511 etiam
776 3446 852 3531 apud
862 3445 1059 3509 Samaritanos
1069 3494 1078 3522 ,
1088 3444 1179 3508 cous·

216 3540 298 3603 tabat
319 3537 411 3602 adesse
430 3558 546 3621 tempus
566 3561 627 3622 quo
640 3540 770 3602 Christus
788 3557 949 3624 appareret.
967 3541 1092 3620 Reliqua
1109 3549 1180 3601 om·⁴

218 3634 266 3696 nia
275 3633 411 3695 vaticinia
424 3634 543 3716 impleta
556 3657 562 3695 :
580 3631 865 3716 potestasque,juxta
874 3632 978 3694 iacobi
989 3634 1184 3708 vaticinium,

217 3728 248 3789 in
263 3727 353 3791 domo
369 3728 442 3794 Juda
454 3725 541 3808 usque
560 3729 595 3788 ad
616 3727 692 3789 illius
707 3744 841 3808 tempora
862 3724 1037 3798 remansura,
1059 3725 1095 3790 ad
1114 3727 1179 3787 He-

217 3821 321 3886 rodem
345 3818 509 3894 transrerat,
525 3820 674 3882 hominem
693 3821 899 3902 peregrinum,
919 3817 1062 3882 sacrarum
1081 3820 1182 3900 legum

218 3930 451 3996 contemptorem
469 3911 679 3978 &eversorem
697 3934 703 3972 :
723 3915 848 3995 denique
866 3912 923 3990 jam
941 3913 1114 3997 implebatur
1129 3913 1184 3984 deq

217 4003 318 4070 finitus
333 4009 350 4071 :i
372 4004 498 4071 Daniele
510 4027 655 4069 annorum
676 4027 812 4070 uumerus
826 4003 877 4088 [c].

253 4293 293 4353 (a)
313 4289 353 4340 10.
367 4293 390 4341 8·
412 4305 453 4354 tr·-

255 4364 298 4423 (ὸ)
313 4361 374 4410 lob.
398 4379 433 4412 η.
452 4365 487 4413 18.
509 4374 549 4422 rr.
566 4375 606 4423 r4.
621 4357 959 4430 14.9.Daa.9.24.1crrm·
982 4377 1022 4428 ³¹·
1035 4373 1074 4430 η.
1093 4360 1186 4433 Erech.
1274 4426 1277 4441 ,

222 4445 264 4499 35.
283 4437 324 4487 ιο·
361 4434 402 4500 (c)
432 4434 500 4487 Dan.
516 4448 538 4486 c.
556 4447 581 4502 9·
603 4448 627 4488 a.
651 4446 693 4498 ⁸9·

530 4704 832 4776 “2¹³1

555 4910 558 4915 .
576 4868 593 4917 Ι
711 4790 793 4918 μμ
