2556 5040
377 649 785 738 rxrosr'rro.
1023 672 1088 757 587

176 784 311 852 Omnind
323 785 423 869 parlim
437 806 540 869 aequos
551 783 608 846 elle
617 802 739 868 oportet
747 803 801 847 eos
812 781 877 865 ,qui
887 781 1089 845 Idololatriam

136 888 250 945 vo'eant
261 879 392 943 ailedlnm
404 880 567 962 religioi'ntn
577 899 637 959 quo
649 897 735 959 capur
747 896 846 939 coram
856 878 952 939 crucis
963 878 1089 958 imagine

136 978 282 1058 aperimus
296 976 323 1032 dr
339 972 509 1034 inclinamus
524 1019 532 1045 ‚
548 973 624 1032 illius
636 991 781 1033 memores
792 973 842 1054 qui
856 989 911 1052 pro
925 971 1008 1030 nobis
1020 988 1089 1030 cru·

136 1067 243 1129 cifixus
270 1065 333 1134 eli.
353 1063 479 1147 elierqne
497 1083 597 1128 coecus
609 1062 764 1126 admodirm
775 1064 899 1146 quinon
922 1062 1090 1123 adverteret

138 1161 225 1242 qudrn
235 1159 321 1241 longe
337 1156 448 1219 intersn
461 1159 537 1218 inter
546 1177 619 1229 eos,
632 1159 681 1238 qui
696 1157 784 1221 idolis
794 1154 982 1218 confidebant
991 1200 1001 1228 ‚
1011 1152 1091 1231 qudd

138 1253 320 1312 divinitatem
332 1251 365 1311 iis
378 1253 519 1332 quandam
530 1269 578 1311 aut
591 1252 749 1322 virtutem,
766 1265 797 1309 ut
807 1249 846 1310 ita
856 1249 949 1310 dicam
959 1293 968 1318 ,
977 1246 1092 1308 affixam

136 1344 309 1414 crederent,
323 1343 433 1426 nosque
443 1345 493 1423 qui
506 1342 678 1424 profitemur
694 1360 755 1402 non
777 1341 833 1403 aliti
853 1340 940 1402 causd
959 1342 999 1401 uti
1016 1339 1092 1400 lma·

135 1438 270 1519 ginibus,
288 1437 374 1518 quim
403 1453 434 1497 ur
445 1437 571 1498 animum
588 1435 624 1495 ad
649 1434 766 1496 Coelum
788 1433 943 1503 tollamus,
967 1434 1015 1494 ubi
1040 1445 1092 1493 aut

135 1528 302 1602 Christum,
315 1546 362 1589 aut
373 1528 506 1602 Sandlos,
516 1531 545 1589 in
556 1527 643 1611 iisque
654 1527 745 1609 ipsum
755 1525 854 1588 Deum
864 1525 1093 1591 lerndlitatisottt·¹

136 1622 226 1683 nis&
240 1624 342 1703 gratiae
355 1621 503 1683 audlorem
519 1640 704 1682 veneremur.

183 1714 292 1776 Eodem
306 1711 385 1774 sensu
401 1715 586 1797 accipiendus
603 1711 644 1774 est
658 1714 753 1775 honos
764 1730 870 1792 quern,
885 1711 977 1793 prima
990 1709 1096 1773 necle:

134 1805 184 1868 srae
194 1808 295 1868 imitari
311 1825 459 1889 tempora,
478 1802 1092 1886 sacrisReliquisexhiberous.Nequeeninr

135 1898 157 1959 sr
176 1901 390 1982 perpenderent
402 1899 584 1970 Adversarii,
597 1898 769 1960 Sandlorum
786 1916 841 1958 nor
853 1915 981 1977 corpora
1003 1894 1092 1977 respi-

135 2012 205 2054 cere
221 2011 251 2053 ut
261 1991 408 2065 villimas,
420 1994 491 2052 olim
506 1991 577 2054 Deo
592 1994 734 2072 martyrio
744 1991 793 2051 vel
807 1987 979 2070 poenitentiri
990 1986 1093 2050 conse·

135 2104 231 2146 tratas
241 2132 249 2158 ,
259 2086 412 2146 crederent
426 2105 481 2146 nos
490 2086 606 2147 honore
620 2086 662 2146 eis
672 2084 836 2146 hocanimo
845 2082 977 2144 exhibito
986 2081 1022 2142 ab
1034 2081 1091 2142 ho·

134 2197 212 2240 nore
222 2178 271 2259 ipsi
286 2177 355 2238 Deo
367 2179 532 2240 exhibendo
550 2178 704 2239 dimoveri.

185 2269 282 2351 Atque
296 2272 364 2332 illud
379 2270 535 2333 universim
549 2272 645 2333 dicere
668 2265 814 2353 possumus
827 2291 834 2328 ε
847 2268 868 2331 sr
879 2269 1035 2351 diligenter
1046 2282 1093 2329 at·

137 2362 292 2423 tenderent
303 2409 311 2435 ,
324 2363 506 2445 qudratione
524 2361 624 2425 noller
640 2365 670 2423 in
682 2365 808 2443 aliquem
824 2382 908 2423 amor
928 2363 963 2423 ad
976 2361 1040 2440 ejus
1059 2361 1095 2421 li·

139 2453 274 2516 beros&
289 2456 416 2527 amicos,
430 2475 465 2517 ac
485 2455 591 2516 deinde
604 2454 771 2535 ‹nribusdam
784 2455 876 2516 veluti
892 2455 1028 2536 gradibus
1036 2500 1046 2529 ,
1057 2452 1095 2515 ad

137 2565 175 2608 ea
191 2566 255 2628 quae
266 2546 388 2626 effigiem
403 2547 478 2608 illius
497 2545 626 2608 referant
638 2591 648 2618 ,
662 2547 692 2606 dr
716 2547 751 2608 ad
768 2565 958 2608 monumenta
979 2565 1095 2629 quaeex

136 2639 190 2699 illo
207 2637 402 2722 superimmac
416 2639 529 2700 randent
549 2640 584 2699 ad
598 2640 697 2700 omnia
710 2658 777 2720 quae
795 2639 902 2720 quovis
920 2639 1013 2700 modo
1030 2637 1096 2716 ejus

137 2733 311 2793 memoriam
325 2748 483 2804 revocent,
501 2729 636 2793 indivisus
657 2732 848 2792 extendatur:
862 2728 1020 2792 sreundem
1040 2732 1097 2793 ho-

137 2827 218 2885 noris
236 2823 292 2885 else
314 2822 474 2905 procellum
487 2825 683 2907 intelligerent
697 2869 706 2897 ‚
722 2823 788 2885 citm
808 2822 907 2884 honor
928 2824 998 2885 niltil
1017 2824 1096 2885 aliud

136 2914 173 2976 sn
184 2919 269 2998 quim
282 2920 388 2980 timore
398 2917 429 2978 dr
443 2917 609 2979 reverentii
623 2918 731 2977 mixtus
743 2936 829 2977 amor
844 2914 883 2978 :sr
904 2917 1029 2998 denique
1042 2936 1095 2977 er·

135 3025 251 3072 ternum
272 3030 389 3073 omnem
414 3009 546 3073 Ecclesrae
568 3008 731 3071 Catholicae
749 3011 856 3072 tultum
875 3012 891 3071 d
912 3009 983 3072 Deo
1004 3009 1095 3093 profi·

138 3102 206 3164 tisri
231 3103 260 3164 dr
283 3104 318 3164 ad
343 3103 441 3164 Deum
460 3106 556 3165 redire
577 3104 866 3176 animadverterent,
888 3123 1037 3185 nunquam
1055 3122 1096 3165 eo

138 3199 243 3272 cultu,
265 3197 315 3280 qui
346 3194 508 3279 peripsum
533 3217 621 3258 unum
644 3198 760 3278 vigeat,
780 3193 870 3278 ipsum
894 3213 1033 3278 putarent
1058 3197 1095 3258 ad

138 3291 356 3352 emulationem
368 3287 640 3372 provocarilmmd
654 3289 723 3351 illud
736 3288 947 3371 perspicerent,
959 3288 980 3350 st
993 3288 1096 3363 Deus,

134 3400 304 3461 quanquam
325 3382 362 3441 ab
388 3381 558 3442 horninibus
583 3381 674 3442 annri
702 3383 738 3443 ad
759 3381 976 3443 emulationem
1005 3381 1097 3462 usque

135 3474 276 3554 cupidus,
301 3474 370 3533 nihil
389 3475 482 3535 amori
504 3471 554 3534 srbi
572 3473 675 3535 debito
692 3475 803 3536 detrahi
827 3492 926 3557 putar,
945 3475 1011 3537 clun
1032 3475 1096 3551 eius

139 3564 226 3626 causi
247 3565 390 3646 diligimus
407 3566 574 3648 proximum
589 3566 754 3640 ;'eumdem
767 3565 867 3628 Deum
888 3567 940 3629 etfi
956 3568 1096 3630 exhiben-

138 3658 184 3718 dae
202 3660 218 3718 ri
233 3656 364 3720 fidelibus
379 3659 554 3721 reverentiae
572 3657 726 3722 studiosum
747 3659 782 3721 ad
802 3660 897 3722 zelum
915 3660 1018 3742 usque,
1034 3681 1096 3722 non

136 3751 176 3812 ab
205 3751 239 3812 iis
267 3753 394 3830 judicate
419 3751 498 3812 suum
522 3752 668 3814 honorem
689 3754 896 3828 imminutum,
921 3753 1018 3829 citor,
1048 3755 1097 3817 lui

137 3844 169 3903 in
188 3863 254 3904 eum
279 3843 473 3908 veneratione
497 3844 595 3920 dotti,
617 3863 671 3907 eos
689 3847 854 3922 honorant,
871 3865 944 3929 quos
962 3847 1020 3931 ipse
1040 3846 1097 3909 ho·

133 3954 264 3998 noravu.

186 4029 396 4092 Verumtamen
416 4028 481 4092 cirm
501 4050 536 4093 ea
556 4033 732 4093 reverenriae
753 4029 850 4114 signa,
870 4053 935 4113 quae
953 4032 983 4093 in
1000 4030 1097 4097 sensus

134 4122 312 4195 incurrunt,
331 4143 393 4185 non
405 4122 458 4185 srnr
470 4126 569 4186 omnia
591 4125 716 4209 omnind
743 4122 916 4197 mellaria,
933 4128 1027 4208 potuit
1039 4128 1097 4189 Ec·

132 4215 223 4276 <lesia
238 4216 308 4276 nihil
323 4217 472 4278 immutati
483 4216 548 4277 fidei
563 4216 712 4291 dodlrind,
726 4218 1097 4302 externosillosadluspltu

131 4309 1097 4394 minuiveprotemporumlocorumque&casuumvarietarepro·

131 4400 215 4461 ferre
228 4423 234 4458 ε
247 4402 354 4482 quippe
368 4422 434 4481 quae
449 4401 527 4462 lilios
538 4406 605 4466 suos
624 4405 718 4465 noluit
739 4401 895 4465 visibilibus
918 4404 1050 4467 servilem
1065 4408 1095 4466 in

128 4494 255 4560 mudum
266 4495 355 4558 rebus
367 4495 523 4591 adstringi,n
535 4494 585 4561 sed
597 4497 632 4561 iis
647 4496 760 4564 mutum
773 4498 893 4563 exeitui
905 4518 940 4564 ac
953 4499 1033 4564 vetut
1044 4496 1098 4579 ad:
