2572 4958
158 539 271 655 'sss
407 581 952 651 =rxnosrrro.·-

202 698 281 761 Nam
297 695 329 758 δι
348 694 377 758 id
398 694 658 758 demonstravimus
678 694 872 758 Eucharistiae
887 692 1074 758 Sacrificium
1090 695 1164 760 inde

202 808 324 873 quoque
344 790 493 872 pendere;
513 786 704 882 rogamusque
724 786 918 850 calvinianos
931 789 973 849 uti
991 789 1157 850 recorden-

201 891 268 957 tur,
282 900 343 942 non
361 881 423 941 aliis
439 900 494 942 nos
513 879 578 942 usos
594 882 630 941 ad
646 882 716 942 illud
731 880 957 962 exponendum,
972 881 1061 962 quam
1081 901 1155 963 quas

204 974 254 1036 illa
273 972 425 1055 prasentia
437 973 466 1033 in
478 971 505 1034 se
518 969 677 1035 necessaris)
684 971 899 1056 compleantur.

248 1065 311 1127 Jam
323 1065 344 1125 sr
355 1064 371 1126 d
384 1065 468 1126 nobis
477 1084 643 1147 quaeratur,
661 1085 712 1127 cur
722 1066 812 1148 igitur
824 1065 997 1138 Lurherani,
1014 1064 1065 1146 qui
1076 1083 1156 1147 prae·

201 1155 321 1219 sentiam
333 1156 467 1232 credant,
479 1158 508 1218 id
520 1174 616 1220 tamen
625 1156 803 1220 Sacrificium
815 1158 988 1239 repudient,
1001 1156 1084 1237 quod
1094 1175 1153 1218 nos

206 1250 279 1310 nihil
299 1247 351 1311 nifi
363 1248 524 1332 praesentiae
540 1248 682 1331 sequelam
695 1246 750 1313 esse
769 1267 901 1331 putemus
919 1272 926 1310 :
942 1249 1075 1312 dicemus
1089 1267 1156 1310 uno

202 1342 300 1403 verbo
323 1342 525 1424 reponendam
544 1341 601 1405 esse
621 1343 695 1404 hanc
714 1342 966 1405 dodirinaminrer
984 1341 1048 1403 illas
1070 1359 1155 1402 verae

199 1432 363 1516 praesentiae
377 1430 616 1509 consecutiones,
631 1454 702 1517 quas
720 1435 739 1497 d
763 1435 934 1496 Lurheranis
953 1432 1049 1496 minias
1061 1433 1152 1494 intel·

201 1525 307 1601 ledias,
323 1524 441 1609 ipsisque
454 1526 531 1589 aded
549 1526 730 1591 Calvinianis
747 1525 924 1602 fatentibus,
937 1525 1082 1589 acutiirsa
1096 1543 1155 1586 no·

168 1620 171 1625 ’
202 1616 484 1701 bisperspediaseffe
499 1620 619 1682 consiat.

249 1710 344 1792 Quod
357 1710 377 1772 si
388 1714 525 1776 evincere
539 1713 697 1794 poterimus
712 1733 776 1776 eam
796 1711 852 1776 esse
861 1709 989 1775 nostram
1000 1712 1038 1774 de
1053 1710 1155 1774 Sacri·

202 1801 274 1865 ficio
286 1803 465 1880 dodrinam,
480 1825 566 1886 quam
578 1826 658 1868 verae
674 1805 833 1887 praesentiae
842 1805 1052 1887 complectatur
1063 1802 1158 1878 fides,

202 1893 352 1979 perspicue
363 1899 531 1979 intelligent
543 1915 648 1961 tantam
657 1898 735 1960 illam
746 1898 782 1959 de
793 1895 885 1960 Missae
896 1896 1049 1960 Sacrificio
1062 1895 1156 1980 quaes·

203 1989 336 2064 tionem,
352 2010 417 2070 quae
430 1991 614 2074 torimpievit
624 1991 731 2065 libros,
752 2006 798 2051 tor
809 1989 1065 2052 criminationibus
1077 2008 1155 2051 con·

203 2079 349 2164 viciisque
357 2083 453 2144 iocum
461 2083 559 2158 dedit,
574 2082 711 2145 esuarum
726 2081 916 2164 inposterum
933 2079 1155 2144 controversia·

202 2193 268 2235 rum
281 2192 408 2255 corpore
421 2175 623 2248 recidendam3
644 2172 711 2235 cirin
729 2175 806 2236 nuila
822 2174 857 2235 su
874 2176 936 2252 ejus
946 2173 1049 2256 capitis
1063 2192 1156 2256 pecu·

202 2265 282 2326 liaris
301 2265 475 2340 difficultas,
492 2265 583 2349 sitque
604 2264 710 2349 (quod
736 2267 855 2349 gravius
869 2267 939 2351 est)
958 2268 1015 2328 hoc
1032 2264 1154 2328 sacrifi·

202 2357 310 2432 cium,
331 2357 411 2440 quod
432 2358 507 2420 aded
528 2357 720 2433 aversantur,
740 2356 895 2422 necessaria
918 2357 1157 2439 consequentia,

203 2468 399 2531 germanaque
418 2449 563 2534 expositio
584 2451 646 2529 eius
665 2450 828 2525 codrinae,
844 2472 930 2533 quam
946 2474 1045 2512 veneno
1065 2473 1155 2511 carm

203 2539 256 2624 ipsi
265 2541 380 2605 docent.
390 2544 452 2606 Jam
466 2542 494 2605 se
503 2543 555 2627 ipsi
563 2543 731 2614 discutiant,
744 2542 874 2625 Deoque
888 2544 1000 2606 arbitro
1010 2562 1044 2625 ac
1059 2543 1154 2618 teste,

203 2632 389 2698 considerent
407 2683 417 2711 ,
438 2639 535 2699 simne
556 2635 661 2717 iussis,
679 2635 764 2719 quim
794 2653 897 2718 putant
918 2636 1082 2698 rationibus
1101 2638 1153 2699 ad·

202 2726 299 2802 dudi,
313 2730 349 2791 ab
365 2729 400 2792 iis
415 2728 553 2792 altaribus
565 2727 749 2803 recesserint,
762 2729 840 2792 unde
853 2748 959 2812 panem
970 2729 1042 2792 virae
1055 2728 1073 2790 d
1085 2728 1154 2799 Ma·v

203 2817 318 2898 iuribus
328 2819 383 2883 suis
394 2838 440 2884 tot
449 2820 529 2884 retro
538 2819 648 2884 saeculis
658 2821 798 2903 sumptum
809 2820 905 2884 sciant.

56 2939 139 2991 xpp,
251 2912 388 2996 Superest
398 2915 453 2975 alia
469 2914 535 2991 ejus
550 2913 692 2975 doiirinae
709 2914 901 2995 expendenda
921 2911 1151 2994 consequentia3

37 3009 191 3060 eommunio
205 3001 313 3066 scilicet
324 3004 390 3066 citm
410 3004 542 3067 Christus
560 3006 589 3066 in
601 3007 658 3068 hoc
671 3007 859 3069 Sacramenro
871 3008 943 3069 vere
957 3005 1083 3089 praesens
1096 3004 1151 3079 srr,

12 3075 56 3126 sub
72 3080 175 3144 utraque

11 3145 106 3209 ime·
205 3116 267 3159 non
282 3095 446 3178 speciebus,
463 3117 529 3178 quae
547 3095 640 3160 sensus
659 3096 804 3172 afficiunt,
823 3100 962 3173 virtutem
981 3098 1011 3159 δι
1026 3101 1152 3182 gratiam

204 3191 368 3265 inherere,
381 3187 427 3251 sed
449 3189 499 3271 ipsi
514 3192 608 3253 carnis
624 3188 731 3251 Christi
747 3189 929 3267 substantiae,
943 3211 1010 3274 quae
1029 3187 1152 3274 propter

203 3285 315 3346 unitam
339 3283 546 3357 divinitatem,
565 3283 595 3344 dr
616 3284 721 3345 habear
744 3284 775 3345 in
793 3282 821 3346 se
844 3285 936 3347 vitam
954 3329 963 3359 ,
982 3282 1013 3344 δι
1035 3285 1154 3345 tribuat.

205 3376 309 3458 Quare
330 3378 502 3458 quicumque
521 3396 622 3438 veram
641 3374 820 3460 praesentiam
841 3379 963 3440 credunt
984 3422 993 3451 ‚
1018 3376 1153 3438 dubitare

203 3489 268 3530 non
288 3469 395 3531 debent
415 3466 464 3531 sub
482 3467 539 3530 und
554 3467 646 3550 specie
662 3468 865 3531 Eucharistiam
885 3469 1017 3537 sumere;
1031 3467 1097 3530 cirm
1121 3467 1153 3529 id

205 3581 294 3624 omne
311 3562 491 3644 percipiant,
510 3580 571 3641 quo
584 3560 729 3623 natura&
742 3563 787 3624 vis
799 3562 884 3640 hujus
894 3562 1072 3624 Sacramenti
1084 3580 1156 3623 con·

205 3655 336 3727 sinetur,
353 3652 439 3734 seque
456 3652 542 3734 plene
562 3654 712 3735 percipere
727 3653 766 3718 ed
785 3657 928 3716 certiores
941 3652 995 3714 sint
1007 3699 1016 3728 ‚
1028 3653 1108 3735 qudd
1121 3655 1154 3715 in

204 3746 263 3807 hoc
280 3743 743 3826 Sacramentocorpususanguis
750 3745 856 3807 Christi
867 3745 1155 3825 mystice,urdi8um

204 3837 246 3900 esi
259 3856 338 3912 ,non
352 3856 384 3897 re
393 3881 402 3908 ,
412 3836 600 3910 dividantur,
621 3837 752 3918 adeoque
765 3837 877 3900 constet
885 3838 1011 3922 piene&
1025 3827 1152 3902 indiviso

204 3931 316 4012 percipi
328 3947 410 4002 eum,
425 3929 475 4010 qui
489 3947 544 3990 nos
558 3929 658 3991 satiare
672 3927 747 3992 solus
758 3930 861 4012 potesi.

250 4022 317 4082 Hoc
326 4019 484 4084 firmissimo
491 4021 555 4081 nixa
567 4020 753 4086 fundamento
761 4021 897 4098 Ecclesia,
906 4023 946 4084 ira
956 4022 1156 4104 percipiendce

204 4111 391 4175 Eucharistiae
410 4129 589 4196 praeceptum
610 4114 798 4198 interpretata
814 4113 874 4190 est,
885 4132 917 4178 ut
929 4115 978 4177 sub
995 4113 1156 4197 unispecie

204 4205 1156 4291 vimejusintegramcommunicaripronunciaretQuodautemii-

203 4298 284 4365 deles
296 4295 344 4357 iild
357 4297 414 4359 und
425 4295 519 4380 specie
538 4315 695 4367 contentos
707 4295 762 4361 esse
773 4296 895 4377 jusserit,
916 4319 978 4364 non
992 4299 1021 4359 id
1034 4297 1124 4362 sanes
1142 4333 1155 4351 -

203 4391 242 4456 cit
260 4388 376 4455 alterius
394 4406 563 4480 contemptu
572 4411 584 4466 3
596 4388 683 4481 (absit
694 4390 725 4481 );
748 4385 839 4458 immd
852 4393 1031 4460 reverentiae
1045 4392 1156 4472 caudi
