2556 5040
222 505 292 591 ms
481 503 1002 574 ennecursnus

223 620 454 703 triumphantem
473 618 709 698 militantemque
742 620 929 682 communio.
958 617 1097 706 Recepti
1131 625 1222 693 eoeld

223 715 324 777 Sentii
340 711 398 777 luis
416 731 472 777 nos
488 712 565 797 apud
585 711 685 773 Deum
701 708 844 796 suffragiis
859 712 966 793 juvant
982 759 991 789 ,
1007 733 1043 777 ut
1054 715 1218 784 beneficia

224 811 385 892 impetrent
399 803 507 871 Christi
525 806 637 868 meritis
654 821 745 881 orta,
764 805 782 867 si
801 826 864 887 quo
879 805 961 870 luunt
982 806 1037 890 ipst
1057 812 1218 879 meritum

225 921 316 964 omne
328 901 485 962 duremur.
500 899 558 960 lllis
572 901 661 960 etiam
673 919 751 980 quos
762 899 825 962 vird
837 898 954 962 funelos
969 901 1074 967 divina
1093 903 1218 984 justitia

225 993 389 1057 extremum
399 990 863 1076 purgat‚nostrae&8antlorum
873 1014 976 1077 preces
985 995 1215 1083 multism'pro·

224 1084 301 1150 delle
311 1083 428 1168 poliunt
438 1109 445 1147 ε
456 1085 548 1170 quate
557 1107 615 1169 pro
625 1087 660 1148 iis
669 1086 794 1149 &orare
804 1133 813 1161 ‚
823 1087 854 1149 dt
864 1087 1072 1169 eleemosynas
1084 1092 1215 1176 largiri,

224 1180 256 1242 n
272 1181 328 1240 alia
342 1180 420 1240 bona
431 1200 522 1263 opera
533 1199 675 1242 exercere
688 1181 761 1243 utile
780 1178 822 1242 est
832 1227 842 1256 ,
854 1201 887 1244 ut
901 1201 1008 1245 eorum
1029 1203 1140 1266 poenae
1155 1188 1217 1257 rni-v

224 1290 361 1334 truantur.
378 1272 524 1336 Decimus
536 1275 673 1354 Symboli
690 1275 830 1338 articulus
842 1273 884 1338 est
895 1277 932 1338 de
947 1275 1125 1341 temilsione
1137 1300 1212 1363 pec·

224 1383 368 1428 catorum.
381 1366 561 1430 Potestatem
581 1369 611 1428 in
625 1386 703 1429 terta
717 1366 745 1429 se
762 1369 872 1431 habere
891 1386 1012 1453 peccata
1028 1370 1213 1438 dimittendi

224 1459 393 1542 ingentibus
410 1461 556 1523 miraculis
573 1459 706 1523 Christus
721 1462 882 1546 probavit;
902 1461 1024 1546 ejusque
1044 1463 1213 1548 potestatis

224 1555 385 1645 participes
399 1553 469 1617 lecit
487 1553 650 1638 Apostolos
665 1601 673 1630 ,
686 1555 718 1618 δι
737 1555 877 1640 quidquid
896 1557 926 1617 in
947 1556 1140 1622 dimittendis
1156 1580 1209 1624 re-

225 1647 409 1730 tinendilque
430 1650 556 1732 peccatis
576 1646 708 1711 fecillent
724 1667 818 1712 ratum
841 1647 868 1712 le
890 1650 1060 1713 habiturum
1084 1654 1208 1736 promi-

223 1739 260 1801 srt
276 1741 328 1824 [b].
344 1741 392 1803 Ab
407 1740 559 1826 Apostolis
574 1744 605 1804 in
620 1741 781 1824 Episcopos
791 1741 1045 1827 Presbyterosque
1061 1748 1207 1811 manavit

224 1854 261 1896 ea
275 1833 403 1918 potestas
413 1857 423 1909 ;
443 1836 474 1897 δι
490 1837 521 1897 in
539 1852 668 1918 utroque
685 1833 823 1918 Baptismi
843 1857 878 1899 ac
893 1836 1081 1900 Poenitentiae
1102 1837 1204 1916 feteret·¹

155 1909 159 1926 ’
225 1943 328 1990 mento
340 1945 503 1991 exercetur.
512 1928 585 1991 Sunt
595 1946 694 1992 autem
711 1929 770 1990 duo
780 1946 971 2011 peccatorum
985 1948 1110 2014 genera.
1123 1931 1204 1996 Ori·'

224 2023 343 2104 ginnle,
359 2022 440 2104 quod
456 2021 607 2084 nascentes
619 2022 821 2084 contrahimus
840 2068 850 2097 ,
869 2024 979 2106 quippe
993 2021 1104 2087 Adami
1117 2024 1173 2089 filii
1189 2049 1200 2089 t

224 2114 361 2190 alluuie,
384 2115 463 2195 quod
486 2113 538 2197 ipfi
561 2113 683 2176 rationis
706 2133 864 2197 compotes
886 2115 954 2178 laeli
978 2133 1204 2202 perpetramus

223 2205 331 2288 Estque
343 2210 400 2269 hoc
412 2206 518 2269 iteritm
532 2207 654 2291 duplex:
666 2207 792 2270 Veniale
802 2254 811 2284 ,
820 2208 934 2272 facilius
942 2209 1196 2276 condonandum:

223 2303 320 2382 qualia
334 2304 421 2362 etiarn
439 2299 576 2380 jullilltmi
595 2318 715 2384 peccata
735 2303 915 2378 admittunt,
939 2301 1114 2367 infirmitate
1141 2322 1198 2370 aut

223 2394 390 2474 ignorantiir
405 2418 410 2454 :
428 2395 559 2457 Mortale
572 2414 726 2478 peccatum
744 2441 753 2472 ,
772 2417 835 2478 quo
851 2397 912 2461 Dei
926 2397 1011 2479 plane
1026 2397 1122 2482 gratid
1142 2418 1197 2463 ex·

222 2489 361 2565 cidimus,
373 2508 551 2571 aeternaeque
564 2490 667 2551 mortis
680 2490 723 2552 tei
736 2489 887 2578 efficimur.
898 2492 967 2556 Hoc
976 2491 1196 2578 dnmunbnp,

222 2581 318 2645 tizatis
332 2604 394 2645 non
408 2582 462 2645 nist
482 2581 655 2669 poenitentid
667 2583 835 2647 remittitur.

166 2790 172 2805 .
257 2731 305 2794 (s)
319 2731 380 2785 mc.
393 2749 414 2784 c.
431 2747 454 2796 ς.
472 2749 496 2782 v.
513 2745 554 2794 η.
574 2730 650 2780 man.
663 2747 683 2780 c.
704 2701 745 2784 ιε.
842 2801 844 2805 ¹

288 2824 294 2835 ’
480 2854 929 2919 testimoium.

231 3023 233 3028 ,
257 2996 326 3045 Sicut
338 3010 428 3061 corpus
442 3009 518 3045 tinum
539 2993 592 3056 est,
606 2993 632 3044 ἃ
647 2996 760 3044 membra
780 2994 859 3045 habet
881 2997 978 3057 multa,
994 2996 1089 3048 ¹omnia
1108 3009 1198 3051 entem

223 3067 337 3114 membru
350 3066 464 3129 corporis
478 3061 536 3114 etim
552 3067 599 3113 snit
617 3066 694 3113 multa
709 3079 804 3125 ,unum
818 3077 903 3114 tamen
917 3081 1007 3133 eorpus
1020 3065 1098 3117 sunt:
1117 3069 1152 3119 itt
1165 3069 1195 3120 &

223 3136 342 3185 Cluilius.
354 3136 458 3184 Etenim
469 3138 493 3185 in
504 3150 556 3183 uno
567 3133 653 3199 spiritu
668 3148 758 3186 omnes
771 3149 815 3181 nos
826 3137 851 3184 in
864 3152 942 3185 nuum
959 3151 1051 3203 corpus
1063 3136 1193 3203 baptizati

222 3205 305 3256 sumus
318 3243 324 3264 ,
337 3208 383 3255 five
396 3205 407 3257 J
412 3207 489 3265 udaei,
504 3205 551 3254 five
563 3206 690 3270 gentiles,
704 3204 751 3253 sive
765 3203 842 3267 servi,
855 3205 901 3256 sure
916 3207 992 3256 liberi
1003 3222 1011 3265 ·,
1024 3222 1083 3257 nam
1092 3207 1120 3256 δι
1134 3223 1195 3259 eor·

222 3292 269 3342 pus
283 3293 333 3326 non
347 3276 382 3326 est
395 3292 471 3325 unum
486 3277 647 3337 membrum,
663 3274 706 3324 sed
718 3276 805 3325 multa.
826 3291 848 3326 1.
875 3276 987 3327 Corinth.
1001 3291 1022 3325 e.
1038 3291 1078 3328 n.
1100 3292 1127 3328 ν.
1150 3294 1193 3333 te.

225 3366 235 3401 1
258 3382 264 3394 .
290 3364 298 3395 t
321 3381 327 3394 .

243 3362 398 3466 3Sed4multd
420 3416 561 3480 magisque
585 3416 703 3466 videntur
726 3415 837 3464 membra
852 3415 966 3482 corporis
985 3414 1124 3468 infirmiora
1143 3421 1195 3471 else

222 3488 388 3535 necess'niora
408 3484 473 3535 sunt.
493 3488 541 3535 Sed
567 3487 635 3535 Deus
651 3488 800 3549 temperavit
821 3499 912 3548 corpus
928 3520 935 3545 ,
953 3485 995 3546 ei,
1015 3487 1056 3536 cui
1077 3487 1194 3551 deerat,

222 3554 433 3605 abundantiorem
446 3555 581 3605 tribuendo
597 3557 719 3603 honorem
734 3572 741 3603 :
760 3565 787 3604 ut
800 3569 850 3601 non
863 3556 892 3604 fit
903 3554 1005 3605 schisma
1020 3557 1046 3606 in
1064 3569 1193 3624 corpote,

222 3623 266 3674 sed
281 3627 386 3690 idipsum
411 3641 457 3690 pro
470 3626 579 3674 invicem
601 3624 707 3673 sollicita
721 3625 767 3673 lint
790 3623 913 3673 membra.
933 3624 997 3675 Etli
1015 3626 1074 3687 quid
1094 3629 1194 3693 patitur

223 3709 300 3744 unum
323 3697 481 3754 membrum,
504 3693 692 3759 compatiuntur
715 3694 799 3742 omnia
823 3695 935 3744 membre
959 3711 964 3742 :
987 3695 1035 3744 ssve
1064 3695 1193 3759 gloriatur

224 3778 300 3814 unum
312 3767 453 3816 membrum
464 3766 642 3828 ,congaudent
653 3764 737 3812 omnia
748 3762 870 3812 membra.
879 3761 945 3814 lbid.
959 3779 982 3811 v.
991 3780 1032 3815 22.
1045 3778 1085 3822 24.
1097 3781 1137 3829 ις.
1148 3779 1192 3824 ²7.

196 3859 199 3865 ·
258 3837 309 3884 Patr
323 3837 403 3885 uobis.
419 3837 489 3885 Sicut
500 3836 562 3883 mifit
583 3850 623 3884 me
642 3835 733 3894 Pater,
748 3833 774 3881 8(
787 3848 834 3899 ego
847 3833 922 3883 mitto
936 3848 988 3884 vos.
1004 3834 1063 3884 Haec
1075 3831 1133 3885 ctlm
1149 3837 1192 3886 di·
1234 3896 1235 3899 Ἴ

222 3904 309 3962 stillet,
324 3907 457 3956 insufflavit
468 3921 473 3950 ε
486 3906 510 3953 dc
525 3904 589 3953 dixit
601 3906 636 3953 eis
650 3922 656 3953 ι
670 3907 784 3969 Accipite
796 3904 914 3970 Spiritum
932 3902 1045 3969 Sentium
1062 3920 1068 3950 ε
1083 3919 1193 3966 qnorum

223 3975 367 4027 remiseritis
386 3985 510 4046 peccata,
531 3976 694 4025 remittuntur
712 3977 767 4025 eis:
782 3974 808 4022 δι
826 3987 931 4038 quorum
956 3974 1111 4026 retinueritis
1127 4010 1137 4040 ,
1151 3992 1195 4028 te·

223 4055 293 4093 tenta
310 4045 374 4095 sunt.
392 4048 483 4099 learnt.
503 4063 524 4099 c.
540 4060 583 4099 ιο.
599 4061 621 4100 ν.
632 4062 671 4099 21·
685 4059 726 4095 22·
747 4056 786 4105 23.

631 4256 753 4352 ·ffi3
