2556 5040
257 601 326 676 tu
591 579 943 656 troarnum

258 706 367 766 trinam
379 700 457 769 liram
476 722 645 785 :quamque
664 705 728 784 ejus
740 703 826 766 eerrd
843 699 1068 783 cognoscendae
1077 698 1230 766 rationem

259 796 432 877 proferunt,
443 798 482 857 ab
492 799 527 857 ea
539 816 600 857 non
614 796 772 877 discrepat,
791 796 847 877 qud
860 793 1086 856 Condomensts
1106 793 1228 877 Episco-

80 943 165 995 (Μ
185 940 200 990 s
220 954 236 991 n
259 905 314 968 pus
333 892 434 951 utitur.
447 889 574 951 Postulat
584 888 797 951 Dotdtacensrs
809 907 913 950 eorum
930 889 1097 966 synodus:
1112 893 1154 947 Ur
1166 910 1225 947 oar·

66 956 246 1065 notoriayiri
260 998 306 1038 nes
316 984 527 1054 deEchelrarum
541 981 752 1062 Reformatorem
767 985 908 1056 Fide,non
923 994 957 1040 ex'
971 984 1148 1041 coacervatis
1165 980 1225 1038 hinc

65 1085 196 1148 syntagm.
259 1072 320 1130 inde
330 1071 623 1149 calumniit,t·eletiorn
628 1079 745 1156 privatis
753 1076 936 1140 nonnullorum
943 1092 1000 1132 tum
1021 1091 1161 1148 veretum,
1173 1090 1228 1131 trra

64 1151 178 1202 ΜΤ·
201 1147 244 1195 Fi·
259 1169 396 1225 recentium
403 1172 547 1228 Dodorttm
559 1171 650 1240 diliis,
656 1168 811 1250 sopieriom
823 1185 871 1226 cur
887 1167 959 1225 mala
966 1166 1026 1244 fide
1045 1167 1162 1239 citarit,
1179 1182 1227 1224 aa

65 1218 246 1271 detssditbe-
368 1262 373 1271 ,
443 1264 447 1272 ,
520 1265 525 1274 ,
812 1263 817 1273 Ι
1037 1259 1073 1269 ..
1113 1260 1119 1270 ι

64 1302 123 1337 m
142 1290 208 1340 pm¹
222 1301 245 1335 ι,
260 1276 388 1339 corruptis
405 1262 467 1320 &tn
486 1265 601 1321 alienum
607 1261 710 1340 sensim
725 1264 832 1321 detortis
845 1259 905 1338 :sed
918 1282 953 1317 ex
962 1260 1090 1338 publices
1107 1259 1228 1340 ipsarum

63 1372 90 1423 P·
107 1363 149 1417 ⁴⁶·
258 1353 434 1429 Ecclesiam
449 1349 647 1434 conseffionilris
659 1356 704 1426 ,ὁ
720 1356 813 1412 exhor
824 1353 975 1412 orthodoxa
993 1352 1123 1410 daritim
1134 1353 1230 1410 decla·

258 1445 359 1502 ratione
368 1491 378 1516 ,
387 1450 505 1506 unanimi
517 1449 629 1507 omnium
638 1447 665 1505 fr
671 1447 835 1527 fingulorum
844 1447 925 1505 totius
934 1446 1042 1522 Synode'
1051 1445 1229 1504 membrorum

258 1537 495 1617 consensufirmani
517 1536 647 1618 judicent.
1014 1534 1021 1543 ’

306 1628 348 1690 Ex
359 1633 480 1712 publicis
493 1634 580 1714 igitur
602 1631 726 1692 decretis
744 1629 868 1712 peranda
879 1627 920 1690 est
932 1625 1067 1707 cujusvis
1085 1627 1229 1690 Ecclefiae

258 1719 359 1796 Fides,
380 1725 464 1785 none¹
477 1727 659 1807 privatorum
675 1722 784 1804 scriptis
794 1744 803 1796 ;
813 1725 863 1804 qui
879 1722 1033 1803 perperim
1049 1722 1144 1784 citari
1160 1719 1228 1804 pos·

258 1812 343 1889 sunt,
359 1818 511 1899 perperim
521 1818 663 1898 intelligi,
682 1816 743 1878 imb
757 1816 919 1896 Religionis
929 1814 1146 1896 luaedogmara
1159 1835 1228 1896 per·

258 1908 357 1986 peraim
375 1929 533 1991 exponere.
547 1909 651 1990 Quare
668 1910 703 1970 ad
719 1908 849 1970 nolltam
871 1907 1061 1969 calvinianis
1077 1927 1229 1982 enarratu,

257 1998 324 2060 dam
338 2000 511 2065 Tridentino
525 2003 615 2064 modo
627 2004 743 2062 decreta
763 2001 951 2082 producenda
970 1998 1105 2061 fuerunt.

303 2094 372 2153 Scio
392 2094 453 2175 ipso
472 2095 556 2173 hujus
569 2094 697 2156 Concilii
716 2094 836 2154 nomine
852 2091 929 2175 ipsos
945 2089 1075 2165 offendi,
1097 2111 1227 2174 eamque

258 2185 418 2246 molestiam
436 2187 613 2266 Anonymus
625 2185 699 2266 saepti
712 2182 859 2267 significat.
872 2185 954 2265 Quid
967 2183 1066 2266 porro
1082 2187 1227 2248 crimina·

259 2279 388 2338 tionibus
397 2298 471 2362 opus
483 2279 524 2340 ell
537 2283 553 2338 ?
564 2279 634 2339 Non
650 2279 678 2337 id
690 2281 786 2360 agitur
798 2279 844 2338 hic
854 2324 862 2351 ,
873 2296 904 2338 ut
921 2276 1099 2338 Concilium
1115 2299 1226 2360 purgo-

259 2385 324 2429 tut:
338 2369 438 2432 sullicir
451 2372 486 2433 ad
499 2393 565 2433 eum
579 2369 686 2444 finem,
702 2390 765 2451 quo
783 2371 853 2431 illud
865 2369 997 2433 adhibuit
1015 2368 1224 2452 Expositionis

258 2461 372 2524 Auilot
384 2507 392 2535 ,
406 2463 602 2526 rotiEcclesti
616 2462 771 2526 Catholici
780 2461 838 2524 sine
850 2460 1057 2523 controversia
1071 2481 1224 2547 receptam

258 2553 315 2616 elle
328 2557 412 2634 hujus
424 2557 553 2620 Concilii
566 2557 727 2618 dollrinam
739 2603 748 2629 ‚
762 2575 816 2617 nec
830 2557 899 2615 alias
925 2556 962 2615 ab
973 2553 1010 2615 ea
1026 2554 1223 2619 definitiones

259 2648 377 2731 agnosci
391 2696 400 2725 ,
413 2651 449 2712 de
464 2653 568 2733 quibus
579 2650 757 2732 argumentis
768 2649 981 2710 contendimus.

305 2741 466 2825 Ambiguas
487 2741 543 2805 effe
563 2745 624 2804 illas
644 2741 831 2802 definitiones
854 2739 1029 2801 Adversarii
1052 2743 1222 2806 contende·

259 2854 329 2897 runt
341 2837 522 2918 ;objicitque
543 2837 636 2897 adltuc
654 2835 830 2914 Anonymus
846 2835 975 2914 duplicem
991 2834 1171 2916 &triplicem
1189 2838 1224 2896 il·

259 2929 405 3009 lassenfirm
418 2931 556 3012 recipere.
570 2929 602 2989 ld
615 2927 753 3002 credent,
766 2927 813 3007 qui
831 2926 998 2988 Concilium
1016 2945 1084 2988 non
1103 2928 1224 2998 aliunde

258 3019 483 3102 ndrunt,quim
494 3042 531 3082 ex
541 3019 742 3080 Ministrorum
754 3019 1024 3091 criminationibus,
1041 3020 1072 3079 ἃ
1081 3021 1134 3082 Fr.
1144 3020 1223 3083 Pauli

252 3112 351 3194 Sarpii
362 3112 524 3193 apertisslmi
532 3113 596 3192 ejus
606 3111 695 3173 hostis
704 3110 830 3172 historia.
840 3110 959 3190 Quibus
969 3112 1068 3172 verbo
1081 3111 1154 3176 saris
1165 3113 1225 3176 fier.

258 3204 389 3266 fuerunt
401 3207 516 3287 quidem
528 3221 697 3287 argumenta
708 3204 760 3276 ,de
775 3205 880 3285 quibus
898 3205 967 3264 nibil
976 3201 1153 3268 Concilium
1169 3208 1220 3268 de-

258 3297 344 3360 linire
356 3301 468 3361 voluit:
482 3300 517 3360 de
534 3300 637 3379 quibus
655 3296 763 3358 scilicet
778 3296 897 3357 traditio
911 3316 971 3358 non
989 3294 1169 3374 constaret,
1190 3298 1220 3359 δι

258 3392 352 3453 adhuc
366 3393 394 3452 in
408 3390 511 3454 scholis
523 3407 695 3454 certaretur.
716 3391 779 3452 Has
794 3387 969 3472 questiones
985 3389 1100 3451 merito
1114 3392 1222 3454 indeci-

258 3482 301 3544 sas
314 3486 438 3566 reliquit.
487 3524 490 3529 ·

304 3579 345 3639 Ar
358 3624 367 3651 ,
379 3599 450 3659 quas
462 3577 577 3650 finivit,
588 3577 624 3639 de
634 3577 678 3638 liis
694 3575 751 3638 t'atn
764 3573 869 3638 diserti
880 3575 1111 3656 pronuntiavit,
1138 3592 1172 3639 ur
1183 3596 1220 3638 er

258 3671 378 3748 torcios
391 3672 515 3734 decretis
528 3674 558 3732 in
572 3668 763 3752 Exposuione
775 3667 939 3750 produilis,
953 3669 1002 3729 vel
1015 3682 1113 3730 unum
1129 3668 1221 3751 desig·

258 3784 330 3825 nare
341 3783 402 3824 non
415 3767 544 3847 potuerit
554 3763 745 3843 Anonymus,
764 3763 793 3821 in
807 3781 867 3843 quo
880 3762 998 3841 duplices
1016 3760 1088 3823 illos
1098 3763 1126 3822 ὁ
1135 3764 1222 3844 tripli·

258 3878 300 3915 ees
314 3902 323 3929 ,
340 3876 414 3939 quos
422 3858 526 3936 objicit
539 3903 548 3931 ,
560 3855 654 3917 sensus
666 3855 817 3936 repererit.
828 3853 972 3935 Legantur
982 3851 1081 3913 modi>
1089 3874 1100 3927 ;
1110 3855 1223 3915 nullam

258 3946 346 4010 inelle
356 3951 590 4032 ambiguitatem,
608 3968 662 4011 nec
677 3968 723 4010 res
734 3945 847 4030 planius
858 3946 970 4028 exponi
987 3941 1090 4027 polle,
1105 3945 1223 4028 liquido

259 4043 420 4123 apparebit.

305 4134 406 4198 Eidem
420 4135 546 4198 examini
559 4134 724 4215 subjiciatur
738 4130 888 4211 Exposnio
899 4127 956 4213 ipsa
966 4129 1171 4211 :cognoscere
1187 4131 1223 4190 Γιέ

259 4225 357 4301 cebir,
371 4248 431 4307 quo
444 4230 507 4307 jure
517 4229 601 4306 liujus
614 4229 715 4289 Libelli
728 4225 850 4286 Audon
862 4224 1039 4302 Anonymus
1056 4226 1222 4305 exprobret

75 4346 140 4399 gd„
161 4357 190 4414 p,
202 4355 245 4408 2⁴·
260 4319 359 4379 incerta
368 4324 418 4380 illa
429 4325 455 4382 Cr
466 4325 605 4402 indefim'ta
616 4320 771 4400 vocabula,
781 4321 876 4398 quibos
889 4340 930 4380 tes
942 4362 952 4393 ,
965 4317 1079 4400 lnquit,
1091 4319 1120 4376 di
1150 4317 1226 4394 ciliis

261 4435 317 4475 mas
331 4414 459 4479 involvit,
542 4411 546 4418 ’

77 2881 137 2949 Peg.
154 2895 194 2936 te.
206 2894 243 2935 tt.
