2572 4958
195 552 268 633 {592
504 537 920 623 exlostrto

200 661 261 722 cilii
282 655 450 720 Tridentini
465 659 520 720 tria
542 661 590 721 illa
606 659 683 722 adeb
704 662 732 721 in
751 660 806 723 hdc
827 681 860 723 re
877 657 1045 722 decretoria
1070 648 1171 741 capita'

112 804 113 808 ι
202 751 414 815 ostenderimus
430 774 437 811 ε
453 756 550 835 Nostra
570 755 645 814 nobis
654 773 766 835 peccata
783 757 854 814 metti
871 753 1051 834 misericordiis
1061 770 1174 835 propter

205 848 330 928 Christum
343 848 455 905 tttnt‘m':
464 850 583 929 gratuito
603 870 651 907 nos
664 851 733 907 dotto
749 846 874 954 acceptffc
888 870 943 906 eam
949 847 1171 927 ,quopetSpi-

203 943 282 1002 titum
292 940 449 1018 sortiumur
461 943 536 999 nobis
554 937 740 1022 estjuslirt'am
752 944 892 1019 omniaque
908 957 1035 1020 quotquot
1042 937 1170 1019 facimus

207 1036 276 1093 bona
289 1056 366 1113 opera
379 1035 485 1092 totidem
494 1031 541 1112 ff
548 1036 643 1113 gratier
655 1036 752 1094 divino
761 1039 841 1095 dono

253 1125 358 1205 Quare
380 1124 583 1186 latendumell
602 1126 696 1200 enim,
715 1127 767 1207 qui
775 1125 879 1188 suntin
897 1122 1027 1187 illiserit
1049 1122 1172 1186 dodim·

203 1238 274 1291 res,
287 1217 447 1295 minitsjam
464 1221 499 1278 de
513 1221 569 1280 boc
587 1239 763 1299 argumento
778 1219 985 1291 contendunt,
1001 1219 1089 1300 quant
1112 1217 1174 1277 irti-

205 1313 250 1371 tio
263 1309 424 1384 faciebant,
444 1311 567 1393 suntque
582 1313 684 1392 pauci,
699 1313 823 1394 quinon
838 1312 1014 1395 agnoscant,
1031 1312 1090 1371 stoc
1104 1311 1173 1391 qui·

204 1403 271 1464 dent
287 1408 382 1486 capite
397 1407 503 1465 nullam
518 1406 638 1487 prorsus
650 1407 711 1465 dari
728 1406 744 1466 a
765 1407 849 1468 nobis
867 1404 1030 1466 discedendi
1042 1402 1173 1465 causam.

254 1496 347 1575 Quod
358 1497 378 1557 st
390 1517 468 1557 tanta
482 1501 530 1559 illa
548 1499 584 1558 de
598 1496 804 1576 justificatione
819 1498 958 1580 quaestio‚
972 1497 1059 1577 quim
1074 1495 1175 1558 veluti

195 1587 321 1651 suatum
332 1611 428 1651 arcem
441 1591 665 1673 disputationum
679 1592 761 1674 primi
774 1593 893 1653 illorum
911 1589 1045 1651 nudiores
1057 1587 1176 1650 consii-

204 1699 339 1756 ruerant,
356 1685 406 1756 iis,
421 1687 470 1762 qui
487 1685 611 1746 maxime
626 1688 702 1746 inter
716 1683 987 1768 illossapiunr,1am
1000 1701 1064 1743 non
1080 1682 1173 1743 vide·

205 1792 254 1835 tut
271 1774 327 1881 esse
341 1780 508 1858 praecipuu:
526 1796 663 1860 reputent
679 1774 749 1859 ipst,
765 1779 835 1860 quid
848 1777 883 1838 stt
900 1778 937 1837 de
948 1775 996 1838 sud
1010 1773 1174 1838 secessione

204 1866 410 1944 sentiettdum3
431 1871 501 1950 quid
522 1889 625 1931 contra
646 1890 703 1950 pro
721 1891 791 1954 pace
802 1870 994 1954 sperandum
1008 1867 1030 1928 st
1051 1867 1175 1950 pettitits

197 1961 318 2023 ,imbuta
335 1965 372 2022 de
388 1965 494 2024 nobis
488 1968 585 2046 iniqua
601 1963 727 2042 judicia,
748 1983 782 2025 ac
799 1967 921 2026 vetitam
940 1965 977 2025 ab
992 1959 1173 2046 Apostolo*
1170 2023 1176 2031 ,

207 2058 406 2117 contendendi
423 2057 570 2116 libidinem
589 2057 704 2117 tandem
723 2058 915 2136 deponerent.

62 2152 135 2207 vlll.
255 2148 355 2230 Atque
371 2168 403 2210 ur
416 2151 493 2209 nulla
506 2149 559 2210 hic
579 2150 609 2209 in
622 2149 741 2209 materid
756 2149 901 2211 dubitatio
916 2146 1054 2232 supersit,
1068 2167 1172 2230 expo·

41 2222 195 2276 ⁸²³¹⁵f²ffi⁰
210 2242 305 2302 nenda
319 2244 406 2302 etiam
423 2241 464 2301 eli
474 2243 565 2312 ratio,
578 2240 633 2322 qui
646 2240 717 2302 Deo
731 2262 782 2323 pet
794 2241 880 2325 ipstus
892 2243 1015 2326 gratiam
1029 2261 1088 2324 pro
1099 2261 1174 2324 pec·

13 2311 72 2354 net,
81 2297 198 2357 Purgato·
259 2335 264 2345 ,
718 2335 723 2346 Ι

15 2382 101 2423 rium
108 2365 196 2416 ludul-
211 2351 282 2397 catts
300 2332 462 2394 satisfacere
479 2353 533 2395 nos
548 2331 627 2415 posse
648 2335 800 2396 credimus.

17 2438 118 2507 gentle.
256 2425 379 2488 Doceat
398 2427 548 2487 communi
569 2424 707 2487 consensu
732 2426 880 2489 Catholici
901 2426 993 2489 solum
1018 2425 1175 2490 Christum

209 2520 309 2581 Deum
325 2519 407 2581 simul
421 2522 450 2582 δι
471 2521 619 2580 homiuem
638 2521 775 2580 idoneum
790 2519 871 2580 suisse
886 2523 935 2601 qui
954 2520 1086 2601 prosuae
1103 2521 1176 2581 inst·

208 2613 269 2675 niti
286 2613 417 2696 personat
435 2615 575 2695 dignitate
594 2612 780 2675 sufficientem
798 2612 870 2676 Deo
888 2633 943 2697 pro
958 2615 1092 2696 peccatis
1107 2612 1176 2676 nos·

208 2710 262 2770 tris
278 2706 500 2770 satisfaslionem
515 2704 643 2781 offerret.

255 2800 332 2862 Citm
346 2817 443 2864 autem
455 2799 535 2882 sopri
552 2801 637 2880 quam
652 2797 764 2861 necesse
783 2816 845 2861 erat
858 2794 1048 2873 satisfecerit,
1061 2799 1175 2882 duplici

209 2895 325 2957 rarione
338 2895 435 2975 potuit
454 2893 596 2953 infinitam
611 2895 688 2954 illam
702 2891 1018 2955 nobissatissaltionem
1037 2912 1177 2954 commu·

210 2989 310 3048 nitate
320 3007 329 3059 ;
339 3004 427 3047 autur
438 2987 553 3065 plenam
566 2989 718 3046 criminum
733 2984 923 3047 remissionem
935 2986 1013 3046 nullst
1023 2983 1175 3048 reservata

202 3078 508 3161 -poendconcedetet3
526 3096 574 3138 aur
592 3097 624 3139 ut
644 3080 785 3155 majorem
806 3099 920 3160 paenam
939 3080 1066 3151 minori,
1083 3095 1173 3140 aeter·

211 3191 280 3232 nam
293 3168 584 3254 scilicetremporatia
599 3188 799 3232 commutaret.
815 3172 879 3233 llic
896 3172 996 3252 priore
1011 3170 1084 3244 vii,
1103 3172 1173 3233 citat

211 3263 243 3325 dt
265 3266 379 3344 plenior
401 3263 454 3338 stt,
476 3264 507 3325 δι
530 3263 638 3325 divinat
659 3264 824 3325 liberalitati
848 3266 938 3346 magis
955 3282 1122 3346 congruat,
1142 3266 1175 3325 in

212 3357 354 3442 baptismo
370 3358 463 3419 llarim
478 3359 569 3419 utitur
583 3379 590 3416 ε
604 3359 722 3419 alteram
736 3355 852 3438 usurpat
866 3358 896 3418 in
909 3358 944 3419 ei
956 3359 1045 3420 venii
1057 3403 1068 3429 ,
1082 3373 1173 3442 quam

213 3453 365 3533 baptizaris
381 3454 500 3534 largitur
520 3451 549 3512 in
576 3468 725 3532 peccatum
746 3450 879 3530 relapsis,
897 3449 935 3512 eb
955 3450 1063 3513 scilicet
1089 3472 1174 3514 corn·

213 3544 309 3627 pulsus
323 3544 447 3626 ipsorum
468 3545 613 3625 aequitii,
629 3546 677 3625 qui
700 3562 788 3605 tantae
810 3545 996 3625 benignitatis
1013 3546 1173 3607 immento-

213 3658 280 3710 res,
295 3641 395 3720 primis
408 3638 470 3714 ejus
485 3635 571 3697 donis
584 3636 662 3699 soedb
675 3637 752 3698 abusi
769 3637 832 3697 sunt
842 3658 851 3710 3
863 3635 924 3719 qub
939 3635 1014 3698 litut
1027 3639 1071 3698 eis
1084 3657 1173 3701 aeter·

213 3734 252 3794 nai
271 3729 382 3791 remissi
398 3730 502 3811 poeni,
517 3732 695 3809 temporaria
713 3729 745 3790 stt
762 3731 1037 3814 aliqua-toleranda.

261 3825 366 3905 Neque
384 3823 451 3883 binc
470 3821 651 3883 inserendum
670 3821 711 3882 esl
732 3823 878 3883 Cbrillum
896 3842 951 3905 pro
972 3823 1058 3884 nobis
1082 3823 1172 3905 plene

215 3934 277 3978 non
291 3913 470 3977 satisfecisse:
483 3915 572 3976 imntb
585 3936 650 3976 cunt
665 3916 760 3996 pretio
773 3935 828 3995 pro
840 3915 927 3977 salute
941 3914 1038 3977 nosird
1051 3917 1173 3979 infinito

214 4007 365 4091 persoluto
383 4006 521 4071 summum
533 4009 563 4069 in
576 4028 631 4070 nos
648 4008 693 4087 jus
712 4007 873 4089 quassent,
894 4011 1011 4071 veniam
1031 4009 1171 4093 ptoseslb

252 4322 270 4355 ⁸
289 4324 339 4372 Ces
361 4325 420 4371 trois
439 4334 525 4383 mors,
545 4324 648 4371 vetitam
669 4321 700 4372 ab
713 4320 847 4386 Apostolo,
866 4335 897 4370 tte
910 4319 965 4370 sont
985 4335 1030 4386 pas
1044 4325 1175 4394 exprimet

215 4394 280 4444 daut
292 4396 315 4443 le
327 4394 445 4456 stauqois.
459 4393 525 4444 Note
539 4392 569 4442 de
582 4392 722 4453 l'b'dittur,
735 4393 773 4448 Μ.
790 4391 876 4444 l'rlbbs
889 4390 1009 4454 Ltqutur.

1090 4469 1176 4530 nobb
