2556 5040
98 39 104 390 Ι
904 385 911 401 Ι

444 530 798 607 Moul'rvll.
912 482 976 516 ἢ.
1056 562 1125 647 ςη

154 652 262 719 bidens
279 650 426 723 studium,
444 651 475 713 id
497 655 527 715 in
546 651 609 735 ipsd
631 655 825 715 contentione
846 648 973 716 existens
989 650 1120 729 fervor,

157 768 220 831 quo
233 747 266 810 sit
283 764 317 810 ut
334 744 362 809 se
384 745 487 808 mutuo
500 766 563 808 non
581 747 768 828 intelligant,
787 766 822 808 ac
838 744 914 829 [πρὸ
931 745 1122 822 adversario,

160 843 240 924 quod
259 839 379 902 minime
395 839 499 913 sentit,
525 839 695 921 imputetur.

207 935 283 995 Cium
295 933 393 1013 itaque
402 931 591 994 definitiones
603 928 795 993 Tridentinae
803 928 988 994 calvinianis
1002 932 1124 994 exbibet

160 1022 361 1108 Expositionis
374 1024 487 1089 Audiot
497 1026 649 1106 ,additque
662 1025 822 1098 nonnulla,
835 1026 940 1106 quibus
953 1025 1124 1108 praejudicia

161 1121 247 1187 tollat
264 1120 300 1180 iis
314 1117 392 1181 reue
408 1120 556 1201 capiendis
575 1116 747 1191 obstantia,
769 1137 831 1178 non
846 1118 916 1179 ideo
935 1117 1126 1180 inserendum

160 1211 223 1284 est,
241 1214 392 1294 ambiguas
412 1210 469 1274 esse
490 1213 553 1273 illas
570 1210 760 1271 definitiones
777 1209 846 1271 :sed
870 1212 898 1271 id
923 1230 1033 1283 unum,
1053 1209 1126 1272 nihil

160 1303 220 1367 elle
236 1305 295 1367 raim
313 1305 472 1367 commode
494 1302 650 1386 digestum,
671 1304 728 1364 tir.-
745 1301 950 1386 perspicuum,
967 1305 1047 1386 quod
1064 1323 1128 1367 non

161 1400 317 1483 perperim
334 1399 427 1481 accipi
442 1396 524 1480 poffit
536 1397 639 1459 animis
653 1413 703 1458 aut
717 1397 934 1480 praeoccupatis
948 1417 999 1460 aut
1011 1416 1130 1482 pertur-

162 1492 248 1554 batis.

212 1583 296 1664 Quid
312 1584 401 1665 igitur
412 1580 617 1665 Noguierum,
639 1581 710 1664 quid
728 1580 922 1662 Anonymum
934 1579 1018 1661 juvat
1029 1583 1074 1645 Pii
1087 1584 1130 1647 Ν
1146 1600 1227 1656 anon.
1241 1613 1267 1668 p.

165 1675 417 1740 Constitutionem
438 1675 633 1758 Expositionis
651 1675 774 1737 annoti
782 1677 914 1755 objicere
927 1677 1029 1738 dNiltil
1044 1679 1131 1741 babet
1163 1675 1229 1739 ⁸⁰!-
1242 1687 1267 1739 Ρ·

165 1769 366 1853 Exposuionis
384 1767 545 1831 institutum
558 1790 623 1830 cum
638 1767 733 1850 glossis
745 1768 1006 1832 &commentariis
1024 1772 1041 1831 l
1055 1772 1131 1834 Pon·

164 1865 244 1925 silice
263 1861 371 1925 metitd
391 1863 546 1944 prohibitis
565 1880 732 1925 commune.
758 1860 845 1943 Quid
868 1863 947 1923 enim
966 1864 1131 1928 Commen-

167 1976 283 2018 tarotes
302 1958 333 2016 dr
353 1953 556 2027 Glossatores,
578 1954 703 2016 maxime
720 1956 768 2036 qui
787 1957 818 2015 in
839 1956 919 2037 leges
938 1953 1131 2039 scripserunt,

166 2052 236 2133 quid
252 2053 424 2133 plerumque
439 2046 556 2111 assecuti
575 2047 662 2119 sunt,
678 2045 730 2108 nist
751 2064 783 2109 ut
804 2047 961 2110 Librorum
983 2054 1130 2132 margines

166 2145 295 2226 propriis
310 2142 486 2204 commentis
505 2160 690 2215 onerarent,
706 2142 813 2222 quibus
833 2139 936 2221 saepiits
957 2142 1131 2207 obscuratur

166 2251 263 2298 textus
275 2284 284 2310 ,
296 2237 362 2298 cum
378 2256 413 2298 ea
431 2255 487 2319 pro
500 2232 562 2317 ipso
579 2250 660 2296 textu
675 2234 829 2295 venditent
839 2234 851 2294 i
861 2235 1006 2298 Praeteted
1020 2240 1056 2299 ad
1070 2240 1132 2300 uni·

168 2345 258 2390 tatem
271 2329 440 2389 servandam
457 2326 615 2410 providere
634 2327 734 2387 debuit
747 2327 824 2388 idem
838 2325 994 2404 Pontifex,
1011 2350 1050 2393 ne
1065 2334 1130 2392 cui·

168 2441 227 2502 que
241 2421 369 2481 Dodlori
384 2421 500 2494 liceret,
513 2418 712 2480 dubitationes
725 2463 735 2493 ‚
748 2439 820 2500 quas
834 2423 884 2482 vel
898 2422 987 2504 longa
1000 2442 1071 2486 aetas
1080 2425 1130 2488 vel

165 2534 254 2576 vanae
269 2512 479 2594 disputantium
499 2512 623 2591 argutiae
642 2529 779 2591 paterent
792 2557 802 2585 ,
814 2509 969 2577 solvendas
981 2514 1131 2600 suscipere.

168 2603 272 2689 ltaque
293 2607 365 2666 nihil
390 2606 448 2666 tale
472 2604 503 2664 in
525 2601 715 2685 bxposrtione
740 2621 883 2666 tentatum
904 2605 954 2667 est.
978 2607 1066 2670 Aliud
1087 2610 1131 2674 est

169 2699 293 2762 obscura
317 2719 352 2760 ac
371 2698 459 2760 dubia
477 2696 663 2779 interpretari
685 2738 696 2768 ,
724 2696 801 2757 aliud
822 2716 924 2780 aperta
940 2719 1131 2783 proponere,

172 2793 281 2876 quibus
301 2789 367 2853 salsa
384 2789 553 2874 praejud'tcla
572 2790 730 2850 diluantur.
753 2789 821 2850 Hoc
842 2791 974 2853 ultimum
987 2793 1017 2853 id
1030 2795 1131 2856 omni·

170 2883 283 2959 ndest,
304 2885 384 2965 quod
402 2880 599 2965 Expositionis
618 2878 732 2944 Audior
751 2880 887 2962 praestare
904 2882 1008 2948 voluit.
1031 2886 1129 2968 Quod

170 2979 333 3042 stConcilii
344 2975 568 3040 definitionibus
579 2975 711 3055 quaedam
724 2974 739 3035 ai
756 2974 783 3037 se
795 2974 949 3040 observata
965 2978 1129 3058 subjunxit,

169 3072 233 3156 qud
255 3070 361 3135 rediits
380 3072 417 3133 ab
440 3072 473 3130 iis
494 3070 715 3151 perciperentur
728 3114 737 3143 ,
750 3070 800 3149 qui
818 3072 910 3149 aquis
929 3073 1023 3135 oculis
1045 3096 1131 3138 num·

171 3187 261 3250 quam
282 3163 424 3247 inspicere
446 3164 605 3224 voluerunt
620 3183 628 3220 ε
643 3159 783 3240 ejusmodi
811 3161 933 3226 subsidio
959 3166 1130 3248 indigebant

170 3274 386 3343 praeoccupatae
407 3273 525 3316 mentes.
544 3254 657 3315 Verum
676 3255 744 3334 quid
765 3257 871 3317 attinet
890 3257 927 3318 de
945 3278 977 3319 te
996 3259 1055 3335 jam
1073 3264 1129 3322 mi·

173 3351 254 3412 trime
264 3349 351 3412 dubia
363 3351 445 3430 plura
457 3347 554 3407 dicere
569 3347 580 3407 ὲ
599 3344 756 3407 Rationem
766 3347 858 3408 tribus
871 3350 970 3410 verbis
982 3352 1129 3430 dedimus,

173 3445 231 3527 qud
244 3443 344 3504 doceri
357 3439 461 3524 poffint
473 3441 522 3521 qui
532 3437 701 3501 Concilium
712 3440 907 3520 ambiguitatis
923 3462 1046 3523 arguere
1062 3468 1129 3526 per·

172 3537 297 3599 tinaciits
308 3537 421 3596 volent.
436 3533 545 3616 Legunt
558 3531 649 3592 modd
664 3531 750 3610 liujus
762 3534 792 3593 in
802 3534 993 3616 Expositione
1005 3538 1129 3602 auditur

174 3632 312 3701 decreta,
335 3626 443 3708 suisque
456 3627 549 3688 oculis
562 3625 692 3686 credant.

218 3723 250 3784 ld
267 3719 360 3804 potrd
380 3719 426 3782 hic
443 3717 559 3781 maximi
579 3718 721 3781 momenti
742 3715 804 3779 est:
822 3737 881 3781 non
901 3717 1008 3784 errasse
1026 3721 1127 3806 Expo-

177 3815 290 3880 firionis
301 3811 460 3876 Auctorem
470 3859 480 3886 ,
491 3811 558 3874 ciun
572 3812 705 3893 predixit
720 3809 797 3888 sore,
808 3830 839 3873 ut
851 3815 1058 3896 quodcumque
1067 3819 1130 3880 dic·

176 3929 260 3972 tutus
271 3904 341 3970 esset
351 3953 359 3982 ,
371 3905 434 3989 qud
447 3904 548 3967 melius
558 3904 687 3968 Concilii
694 3903 811 3967 decreta
821 3908 1041 3988 perciperentur
1052 3956 1060 3982 ,
1077 3906 1129 3991 ipsi

178 4001 266 4085 plane
277 3999 501 4065 consentiens&
511 3996 834 4079 inEcclestdprobatunt
844 3999 955 4079 liquidd
967 4021 1130 4084 appareret.

178 4095 239 4159 Res
252 4093 310 4178 ipsa
322 4094 453 4175 loquitur
465 4112 499 4155 ac
511 4090 659 4173 sequentia
667 4091 863 4154 documenta*
876 4090 1085 4157 monstrabunt.

207 4333 226 4370 ⁴¹
238 4336 258 4386 ll
274 4331 368 4384 semble
380 4348 428 4398 que
441 4334 465 4383 ln
478 4344 531 4384 mot
543 4332 691 4382 documenta
705 4332 739 4381 eil
751 4345 798 4382 tute
820 4332 885 4384 saure
903 4336 1067 4398 d'lmpreffiou
1080 4376 1087 4402 ,
1104 4338 1130 4389 dc

101 4446 107 4451 .
179 4404 240 4471 qn'll
251 4401 305 4454 seut
318 4399 484 4465 instrumenta.
497 4402 565 4454 Note
576 4403 609 4455 ur
620 4398 761 4467 tueretur,
774 4403 809 4457 Μ.
820 4403 912 4458 ΡΑὸΜ
927 4406 1048 4468 sequerer.

274 4477 419 4540 Touesis.
930 4477 961 4541 0
975 4501 995 4542 o
