2556 5040
253 606 607 680 ulsToutcus
653 606 847 676 Maron.
1004 614 1075 700 469

117 784 351 869 ωε...-
671 828 911 844 ........

312 927 352 1009 L
381 924 416 1008 E
445 922 483 1011 C
519 923 561 1009 T
594 924 687 1008 10
767 925 808 1009 X
841 927 876 1012 Ι.

353 1109 410 1179 De
428 1106 551 1179 Carnis
564 1108 827 1203 Rrsttrrecdiorre.

193 1265 317 1357 Auula
334 1265 576 1331 resurreilionent
593 1268 763 1345 credimus,
785 1266 867 1356 iuxta
887 1266 1077 1330 undecimum

195 1362 331 1444 Symboli
343 1361 507 1425 articulum.
526 1360 611 1424 Deus
629 1381 756 1426 mortem
778 1381 839 1425 non
855 1359 945 1435 secir,
963 1362 1077 1423 creavit

111 1476 210 1520 autem
223 1473 256 1518 ut
266 1451 357 1519 essent
366 1456 603 1518 omniazcreavit
613 1456 764 1519 hominem
775 1454 1077 1518 inexterminabilem:

110 1548 222 1612 invidid
231 1566 328 1611 autem
338 1547 461 1611 Diaboli
471 1566 552 1610 mors
561 1549 698 1612 introivit
708 1551 739 1612 in
748 1550 853 1613 orbem
865 1566 1011 1610 terrarum
1022 1545 1078 1631 [a].

112 1635 200 1705 Mo'r's
212 1643 290 1703 enim
301 1688 309 1716 ,
322 1643 411 1704 etiam
424 1641 577 1725 corporis,
589 1643 802 1726 poenapeccati
814 1641 866 1704 ell.
879 1641 1003 1703 Duabus
1014 1661 1078 1723 par·

114 1738 192 1798 tibus
206 1733 392 1810 constamus,
408 1755 537 1820 corpore
547 1753 669 1799 terreno
681 1737 715 1800 δι
726 1736 879 1819 corruptili
889 1734 1009 1808 ,animai
1022 1731 1078 1816 spi·

115 1829 191 1891 titali
205 1830 236 1890 dt
262 1830 420 1891 immortali
438 1876 447 1904 ,
471 1849 537 1910 quae
558 1831 657 1912 imago
677 1829 737 1894 Dei
752 1830 802 1893 esi.
815 1830 890 1891 Haec
904 1829 965 1890 duo
982 1845 1079 1890 morte

113 1922 284 1984 dividuntur
295 1942 420 2006 :corpus
427 1923 544 2006 pulvis,
555 1923 585 1984 in
599 1944 706 1987 terram
723 1925 889 1995 undeerat,
899 1922 1078 1995 revertitur;

114 2014 230 2100 spiritus
245 2016 321 2077 redit
334 2016 370 2077 ad
388 2016 510 2091 Deum,
531 2016 580 2098 qui
603 2017 681 2079 dedit
702 2020 781 2081 illum
796 2040 803 2077 ι
821 2036 876 2079 nec
895 2016 989 2079 minias
1006 2034 1077 2077 cor·

115 2127 205 2193 rupto
218 2128 346 2192 corpore
366 2109 523 2172 incolumis
543 2109 711 2192 perseverat
724 2112 777 2196 [b].
789 2109 902 2173 Verum
915 2111 951 2171 ad
964 2128 1079 2190 tempus

114 2204 163 2265 illa
180 2202 284 2265 divisio
295 2201 336 2265 esi
349 2225 356 2263 :
370 2205 400 2266 in
417 2199 476 2264 line
491 2201 668 2287 saeculi,qui
686 2206 837 2268 dormiunt
858 2205 888 2264 in
903 2221 990 2266 terrae
1007 2205 1074 2287 pul·

114 2308 187 2359 vere
199 2297 401 2379 evigilabunt:
418 2297 469 2358 alii
481 2296 511 2357 in
525 2296 618 2358 vitam
636 2316 776 2361 aeternam
793 2292 845 2373 ,δι
858 2297 906 2359 alii
920 2298 950 2359 in
968 2315 1079 2381 oppro-

115 2391 211 2452 brium
229 2408 261 2452 ut
276 2390 395 2452 videant
405 2387 516 2472 semper
532 2386 584 2472 [c].
596 2389 688 2454 Venit
703 2392 777 2453 hora
794 2392 825 2453 in
841 2411 898 2473 qua
911 2410 1014 2454 omnes
1027 2391 1078 2472 qui

119 2484 150 2545 in
163 2485 361 2546 monumentis
373 2481 436 2544 sunt
447 2526 458 2556 ,
468 2480 591 2544 audient
599 2501 707 2546 vocem
719 2483 770 2546 filii
780 2478 841 2545 Dei
852 2504 862 2558 ;
874 2483 1080 2566 &procedent

117 2578 168 2659 qui
179 2571 698 2649 bonalecerunt,inresurreslionem
705 2577 1081 2659 vitae3quiverdntalaege·

119 2666 492 2743 runt,inresurrebiionem
504 2666 604 2747 iudicii
618 2666 674 2752 [d].
687 2668 802 2731 Omnes
814 2670 930 2751 quidem
947 2669 1080 2752 resurge·

115 2783 191 2837 mus,
200 2761 247 2826 sed
258 2782 319 2824 non
327 2761 669 2824 omnesimmurabimur.
677 2761 775 2824 Beatis
783 2779 870 2826 erunt
878 2782 1009 2846 corpora
1019 2762 1081 2844 glo·

117 2855 214 2931 riosa,
224 2854 478 2939 incorruptibilia,
489 2853 576 2916 stellis
585 2853 800 2937 splendidiora,
810 2855 966 2938 spiritalia,
979 2856 1006 2915 id
1020 2852 1082 2930 esi,

118 2947 229 3033 spiritui
246 2949 333 3032 plane
351 2947 486 3011 subdita:
504 2948 708 3012 damnatorum
729 2952 799 3013 talia
822 2968 908 3011 erunt
928 2968 1082 3032 corpora,

115 3064 184 3126 quae
207 3062 312 3127 poenas
333 3059 461 3126 augeant
476 3039 665 3126 sempiternas
683 3041 735 3127 [e].
752 3045 793 3106 At
813 3045 933 3127 propria
953 3061 1083 3126 corpora

116 3139 234 3220 utrique
252 3137 417 3220 recipient,
429 3156 498 3219 quae
513 3136 543 3197 in
553 3137 608 3198 bac
624 3140 685 3199 vita
695 3138 855 3223 gerebant,
867 3157 995 3221 quaeque
1005 3136 1083 3198 sum·

117 3231 166 3292 nri
178 3229 226 3294 sud
235 3229 370 3312 potentii
381 3227 513 3292 restituet
524 3227 610 3290 Deus
622 3229 693 3314 [ῆι
711 3250 798 3313 quent
812 3231 884 3292 nibil
901 3250 938 3292 ne
950 3232 979 3291 in
991 3228 1084 3312 sepul·

119 3341 174 3385 ero
190 3321 310 3406 quidem
320 3341 357 3385 ac
373 3336 472 3384 morte
484 3321 557 3382 later
568 3319 624 3404 [ss.

155 3470 195 3530 (a)
208 3463 269 3534 Sap.
281 3483 304 3517 e.
318 3485 339 3519 t.
352 3483 375 3517 ν.
391 3478 430 3527 r3.
446 3479 483 3527 ¹⁴·
501 3463 567 3516 lbid.
588 3483 609 3515 c.
635 3483 658 3518 a.
673 3484 696 3518 v.
721 3482 760 3531 ²3·
776 3484 817 3530 aa.
841 3464 1023 3532 (b)Erc1efic.
1044 3484 1086 3522 ιι.

122 3557 146 3588 v,
160 3552 182 3596 7,
197 3539 241 3599 (c)
256 3535 326 3584 Dan.
352 3552 373 3586 r.
398 3550 437 3585 tt·
453 3552 477 3586 ν.
497 3553 520 3588 ι.
534 3537 578 3599 (d)
592 3532 698 3587 sonmc¹
718 3552 738 3598 ς.
754 3557 776 3588 ν.
793 3544 833 3607 ab.
850 3553 887 3599 29.
904 3541 942 3599 (t)
956 3556 977 3590 1.
989 3538 1044 3592 Cor.
1061 3555 1085 3595 c.

124 3604 353 3669 15.v.5r,lbr'd.v.
368 3620 409 3666 4ι.
421 3607 487 3656 Dan.
504 3623 526 3660 c.
541 3620 579 3660 ιι.
594 3621 618 3661 ι’.
638 3623 660 3670 3.
685 3604 735 3670 (f)
754 3609 811 3662 rou.
825 3624 848 3661 c.
868 3624 906 3675 ¹9·
921 3623 944 3656 ν.
973 3609 1017 3658 2⁶.

157 3678 200 3744 (g)
216 3673 416 3739 Prov.c.15.v.
432 3692 471 3729 rt·

378 3781 821 3843 TESTIMONIA.

155 3919 212 3968 Sclo
235 3914 303 3983 qubd
322 3918 480 3985 Redemptor
491 3933 560 3968 ment
575 3919 656 3977 vivit,
682 3917 707 3966 bt
726 3921 750 3969 in
765 3918 893 3968 novissimo
907 3917 948 3967 die
962 3917 993 3967 de
1020 3929 1086 3968 terra

123 3990 271 4038 surrciiurus
286 3988 347 4038 sum.
362 3989 395 4038 Et
407 3986 504 4037 turrim
517 3989 691 4039 circumdabor
700 3989 768 4053 pelle
781 3990 837 4037 ureb
851 4026 857 4047 ,
872 3989 897 4035 δι
910 3989 934 4036 in
945 4002 1019 4038 carne
1030 4002 1088 4037 rnen

121 4058 214 4107 videbo
226 4059 308 4107 Deum
324 4074 415 4108 meum.
427 4059 512 4119 Quem
522 4057 614 4108 visurus
628 4059 679 4108 snrn
691 4073 739 4122 ego
751 4057 803 4122 ipse
816 4092 823 4117 ,
837 4059 863 4106 bt
874 4060 942 4108 oculi
955 4061 1005 4108 mei
1015 4055 1088 4106 cons·

122 4128 217 4191 peclnri
235 4126 305 4189 sulit,
318 4128 342 4176 dt
356 4143 407 4178 non
421 4131 482 4178 alius
496 4146 501 4176 :
514 4130 619 4194 reposita
633 4130 668 4179 eli
679 4130 731 4178 linc
747 4129 802 4194 spes
815 4131 842 4177 iu
855 4130 905 4178 sinu
920 4145 985 4179 meo.
999 4128 1087 4178 sobe.

122 4213 162 4257 ιτ).
182 4213 205 4245 ν.
222 4209 261 4254 ις.
275 4201 315 4248 26.
332 4212 371 4256 ιι.

156 4269 208 4326 Qui
222 4267 290 4330 digni
312 4267 471 4317 habebuntur
491 4266 579 4318 sacculo
597 4269 660 4324 illo,
675 4267 700 4315 u
714 4267 895 4316 resurreetione
917 4282 949 4318 ex
965 4266 1089 4327 mortuis,

125 4352 205 4398 neque
221 4340 316 4385 nabent
341 4353 422 4399 neque
440 4339 533 4388 ducent
547 4352 636 4387 trituret
652 4357 656 4384 :
670 4354 750 4400 tienne
769 4340 836 4387 enirn
857 4337 920 4386 uitri
933 4341 998 4386 moti
1016 4347 1090 4404 pote·

126 4419 198 4454 ruut;
215 4409 320 4469 aequales
335 4409 401 4455 enirn
416 4408 518 4471 Angelis
542 4408 606 4460 sunt.
623 4408 684 4456 Luc.
701 4423 723 4455 c.
741 4423 777 4456 tr.
797 4422 822 4456 v.
834 4418 873 4472 35.
896 4409 936 4467 5⁶·

158 4476 215 4541 Ego
232 4476 284 4526 suut
300 4475 443 4529 resultestin
460 4480 486 4528 lle
498 4481 564 4529 vita:
580 4479 623 4542 qui
637 4478 720 4531 credit
732 4479 760 4529 in
771 4492 813 4528 tne
822 4509 831 4535 ,
855 4477 950 4532 etiamst
977 4484 1092 4526 mortuus

847 4548 905 4632 cg
920 4546 953 4628 iij
