2572 4958
130 672 133 678 .
227 603 300 674 '612'
532 605 1005 678 Exloslt'lol·

230 717 336 781 utlidei
352 704 520 802 presentem
536 720 666 786 offerunt
676 721 731 784 :fin
742 722 771 784 dt
784 742 816 785 re
829 711 999 804 praesentem
1011 719 1113 789 adesl'e
1124 715 1192 786 etad

231 812 352 886 derent,
365 812 432 892 quid
443 808 513 873 esset
524 833 576 876 eut
588 816 678 877 etiam
692 833 767 878 utre
780 813 950 897 praesentem
964 814 1057 899 ipsum
1077 815 1189 880 offerte

230 920 405 966 vererentur
423 904 435 964 i
451 901 553 990 ltaque
570 909 821 971 concertationem
840 927 979 984 omnem,
996 906 1109 971 fibood
1126 906 1187 970 fide

230 1013 366 1076 ageretur
376 994 426 1072 ,ad
438 992 525 1062 solam
536 1000 628 1083 redigi
643 999 679 1063 de
688 998 1189 1084 prasentiacontroverstamopor5

230 1102 314 1150 teret.

276 1181 430 1262 Quaecbm
451 1187 491 1250 itd
504 1183 558 1248 stnt
567 1230 576 1260 ,
585 1183 759 1248 evanescere
772 1185 818 1248 illa
831 1185 929 1247 omnia
938 1185 1098 1262 deberent,
1117 1206 1185 1268 quae

128 1260 130 1264 ’
225 1257 324 1335 libide
337 1274 487 1357 Sacrificio
503 1276 602 1340 noslto
612 1277 777 1340 calviniani
788 1272 863 1340 salsb
875 1261 995 1359 fingunt.
1008 1276 1183 1360 Agnoscere

228 1363 386 1430 debuissent
398 1390 458 1433 non
472 1391 535 1434 eam
553 1369 775 1433 catholicorum
790 1367 846 1433 else
860 1386 1005 1446 mentem,
1019 1387 1053 1433 ut
1068 1391 1184 1434 novam

227 1454 278 1536 sibi
292 1463 530 1544 propitiationem
541 1478 691 1546 quaetant,
701 1461 757 1546 qud
766 1462 803 1525 de
812 1463 929 1546 integro
939 1465 1070 1545 placetur
1081 1464 1186 1540 nem,

226 1551 310 1612 velut
327 1552 377 1636 ipst
396 1576 455 1617 non
472 1554 540 1620 esser
559 1557 653 1619 crucis
669 1554 819 1618 Sacrificio
837 1553 1005 1617 satissadium
1023 1576 1033 1628 ;
1049 1576 1102 1619 aut
1121 1555 1184 1639 qud

226 1639 417 1726 supplementi
428 1649 536 1732 aliquid
554 1647 651 1712 salutis
666 1646 773 1711 noslrae
784 1648 882 1731 pretio
902 1647 984 1709 velut
1004 1647 1199 1730 impersebio'

225 1733 388 1814 adjiciatur.
400 1741 504 1804 Ntdlus
515 1741 560 1804 his
579 1740 713 1804 omnibus
730 1741 760 1802 in
773 1739 903 1802 dodlrina
920 1737 1016 1805 nostra
1028 1739 1184 1817 loctueii,

224 1847 290 1889 cum
310 1830 358 1892 hic
366 1836 464 1895 omnia
473 1831 680 1897 intercessionis
691 1830 945 1916 applicationisque
961 1831 1086 1908 titu,ea
1092 1853 1183 1916 ,quae

224 1921 316 1983 tnodo
337 1924 470 2008 exposita
486 1925 544 2002 esi,
557 1927 671 1990 ratione
683 1943 865 2009 peragantur.

87 2025 142 2077 xv.
269 2015 324 2076 His
336 2016 487 2099 expositis,
498 2019 617 2102 grandia
628 2019 697 2093 illa,
712 2038 776 2098 quae
789 2038 826 2079 ex
836 2013 963 2099 Epistola
979 2015 1017 2079 ad
1028 2017 1180 2082 Hebraeos

54 2094 165 2160 Ellst0¹²
178 2096 209 2147 “¹
223 2105 316 2169 innos
327 2109 527 2186 desumuntur,
545 2109 659 2190 objedla
670 2157 679 2184 ‚
691 2109 824 2189 adeoque
840 2109 1048 2185 venditantur,
1071 2111 1178 2194 patum

33 2163 167 2218 Hebraeos.

222 2201 400 2263 videbuntur
412 2200 467 2264 effe
481 2203 651 2284 probabilia.
660 2199 704 2263 Ac
713 2199 815 2263 frustra
831 2201 987 2263 inclamant
995 2221 1032 2263 ex
1044 2201 1178 2287 Apollo·

222 2291 243 2353 li
268 2291 437 2355 sententiaa
451 2294 535 2355 nobis
559 2294 697 2356 evacuati
713 2293 808 2356 crucis
833 2292 1014 2356 sacrificium.
1035 2295 1094 2358 Sed
1108 2298 1178 2361 citu

222 2384 292 2446 duas
309 2385 436 2448 invicem
450 2383 604 2449 sententias
620 2405 682 2448 non
699 2405 828 2470 pugnate
847 2386 929 2448 nullo
946 2385 1074 2450 firmiori
1089 2408 1178 2474 argu·

222 2494 324 2540 mento
333 2477 469 2562 cognosci
483 2478 567 2562 polilt
580 2477 713 2561 ,quamsi
726 2479 846 2559 uttdque
856 2477 986 2560 exposttd
997 2480 1114 2562 liquidd
1123 2494 1182 2566 pai

221 2585 284 2632 teat
305 2572 410 2634 nullam
428 2573 545 2635 alterius
566 2588 676 2655 partem
689 2572 738 2633 ulli
763 2572 880 2633 alterius
896 2572 972 2652 parti
991 2591 1176 2655 repugnare:

221 2662 381 2728 dodltinam
393 2664 572 2749 Epistolaead
581 2666 724 2729 llebraeos
736 2664 793 2726 hoc
806 2665 876 2726 loco
885 2663 953 2724 milri
964 2680 1038 2746 puto
1049 2663 1175 2744 summaq

222 2757 276 2819 tim
288 2760 517 2842 proponendam.

266 2850 399 2934 Apostoli
413 2854 442 2914 in
456 2852 490 2915 ed
503 2849 627 2934 Epislolti
637 2850 785 2916 confilium
797 2846 838 2911 esl
848 2869 903 2911 nos
917 2864 950 2911 ut
966 2848 1090 2926 doceat,
1111 2873 1174 2916 noa

219 2941 343 3025 potuisse
353 2962 538 3026 peccatorem
555 2944 606 3005 srbi
618 2946 743 3008 debitam
754 2960 876 3006 mortem
886 2939 1035 3023 effugere,
1053 2943 1106 3006 nist
1121 2949 1174 3008 ali·

219 3053 306 3114 quem
323 3033 375 3097 suo
398 3037 467 3099 loco
491 3036 689 3112 submitteret,
708 3038 758 3119 qui
779 3055 833 3118 pro
858 3033 886 3095 se
912 3037 1102 3099 moreretur:
1113 3037 1172 3116 jam

219 3128 358 3207 quamdilt
369 3129 408 3190 nil
418 3126 560 3190 nistcaesas
566 3130 691 3211 pecudes
703 3128 751 3190 sud
761 3129 826 3189 vice
833 3128 967 3189 homines
976 3125 1173 3207 subjecerint,

218 3220 291 3281 nihil
303 3220 378 3283 aliud
394 3219 449 3283 suis
467 3218 551 3283 sacris
567 3219 706 3298 effecisse,
720 3219 852 3303 quimut
875 3218 903 3280 se
919 3239 1046 3282 mortem
1064 3226 1172 3288 mereti

217 3310 427 3394 ptositerentur
440 3314 530 3396 paltim
543 3312 684 3395 ;cbmque
697 3314 755 3375 tim
771 3309 868 3392 iniqui
890 3314 1109 3393 permutatione
1123 3338 1172 3400 pe·

216 3404 300 3466 cudis
309 3402 490 3468 scilicetcum
500 3407 618 3469 homin'e
627 3453 636 3482 ,
646 3404 825 3468 nullomodo
838 3400 929 3484 pollet
938 3402 1086 3483 justissimo
1098 3408 1172 3474 Deo

216 3492 346 3558 satisfieri
356 3544 365 3573 ,
375 3499 505 3562 iteratam
521 3499 651 3582 quotidie
664 3495 744 3561 suisle
766 3493 949 3558 vislitnarum
963 3498 1091 3576 cedem,
1109 3504 1172 3586 qud

216 3590 323 3671 nempe
339 3591 463 3673 pecudes
480 3591 521 3651 ita
538 3589 697 3653 substitutas
716 3586 884 3651 hominibus
903 3608 1000 3669 poenae
1019 3594 1172 3678 mortique

216 3682 376 3744 eximendis
394 3701 456 3744 non
471 3681 598 3744 sufficere
616 3681 765 3745 certissime
778 3698 934 3763 appareret
952 3703 959 3741 ε
978 3699 1007 3743 at
1019 3682 1174 3768 postquam

214 3793 272 3857 pro
287 3775 489 3853 peccatoribus
503 3775 577 3835 mori
588 3773 721 3852 Chrislus
729 3772 858 3835 voluerit
871 3791 881 3845 ;
894 3771 965 3833 nibil
976 3772 1078 3852 fuisse,
1090 3783 1174 3863 quod

214 3885 271 3946 pto
285 3863 391 3926 notitae
400 3866 607 3947 redemptionis
616 3868 711 3948 pretio
720 3867 841 3949 amplibs
853 3882 1001 3946 repeteret
1008 3865 1094 3933 Deus
1104 3876 1173 3948 ,cui

213 3955 284 4019 esset
293 3956 453 4039 spontanea
464 3957 630 4040 digniffimae
641 3957 770 4040 persona
780 3956 988 4036 subrogatione
1001 3959 1120 4028 abunde
1129 3965 1174 4031 sa·

211 4045 1170 4134 tisfadlum:unddargumentandoconcluditAposlolus,nonmo·

211 4142 366 4203 donullam
376 4143 460 4203 aliam
469 4143 532 4224 posi
542 4141 686 4205 Christum
697 4142 816 4205 bolliam
827 4141 1032 4204 immolandam
1045 4145 1114 4222 ;sed
1128 4171 1167 4216 ne

211 4232 300 4315 ipsum
320 4234 436 4315 quidem
457 4234 603 4297 Christum
628 4237 716 4298 motti
735 4236 856 4319 amplibs
870 4251 957 4313 quarn
983 4232 1070 4303 semel
1085 4241 1163 4315 offe&

210 4327 340 4389 rendum.
383 4341 391 4365 t

255 4417 406 4486 Revolvat
428 4439 505 4485 nunc
521 4421 620 4488 animo
641 4420 746 4488 Lector
763 4419 902 4489 studiosus
925 4442 1046 4490 aetetnae
1063 4424 1164 4494 salum
