2556 5040
261 511 607 579 ntsroutcus
651 512 849 580 utnon.
994 538 1060 605 519

109 642 168 708 que
183 625 335 709 percipere
352 642 421 688 ante
432 625 553 688 rationis
564 621 666 700 usum,
682 625 732 707 qui
746 626 783 687 ad
795 623 974 708 peccandum
993 627 1061 688 irio·

114 736 187 779 neos
201 715 269 780 facit
279 736 289 790 ;
300 716 387 798 quim
401 717 507 779 eliutiits
518 719 547 778 in
565 735 687 800 peccato
701 717 854 801 pravisque
872 716 1061 779 consuetudi·

116 812 201 871 nibus
215 807 394 882 sordescere,
407 810 508 890 quibus
519 807 597 872 sorte
611 809 646 870 ad
662 809 866 892 negligendum
885 809 1060 891 baptismum

114 903 336 964 adducerentur.
346 900 532 983 baptizantur
544 900 619 984 ergb
634 902 766 985 parvuli,
779 901 810 963 δι
824 903 939 985 quidem
956 902 1060 964 recens

115 992 177 1054 nati
190 1038 200 1066 ‚
212 992 248 1053 ad
265 990 345 1054 casus
357 991 492 1057 adversos
503 995 687 1056 declinandos
697 1039 707 1067 ,
717 1012 772 1056 nec
781 995 842 1056 elies
855 992 997 1056 solemnes
1008 1012 1059 1054 er·

115 1083 273 1166 pesiantur.
286 1084 381 1146 Multb
393 1086 487 1148 ntinits
497 1085 666 1168 expeeiantli
681 1086 788 1171 petrini
801 1087 886 1149 carisi
897 1130 906 1158 ‚
918 1103 968 1147 aut
982 1104 1058 1166 quo-

117 1177 234 1239 vitalio
246 1178 374 1240 humano
386 1176 512 1260 respesiu
530 1176 729 1241 differendum.
745 1178 825 1241 idern
837 1196 923 1261 atque
937 1179 967 1239 in
978 1178 1061 1238 adul·

117 1270 155 1330 tis
176 1267 303 1330 servatur
323 1271 483 1352 baptizandi
502 1272 581 1332 ritus.
599 1269 788 1332 Erorcizatur
809 1271 948 1351 parvulus
964 1316 974 1344 ‚
989 1272 1060 1350 quie

120 1380 243 1443 peccato
256 1361 391 1444 originali
406 1365 437 1424 in
456 1363 562 1424 diaboli
580 1361 722 1445 poteslare
742 1361 793 1425 eli.
808 1362 912 1424 Preces
925 1362 966 1423 illi
983 1361 1060 1439 reci·

116 1470 215 1516 tantur
227 1473 292 1535 quae
302 1454 337 1514 ad
351 1453 560 1516 catechumeni
573 1453 672 1516 statum
684 1454 848 1535 pertinent:
859 1454 1059 1535 quamvisnee

118 1544 277 1619 doetrinae,
290 1565 343 1607 nec
356 1547 536 1626 probationis
549 1545 583 1607 su
594 1566 693 1628 capax.
708 1547 812 1629 Neque
826 1549 903 1608 eninr
916 1544 984 1606 visae
996 1543 1061 1607 sunt

21 1624 23 1643 '
119 1638 246 1721 parvulo
263 1639 404 1720 negandae
423 1658 524 1720 preces
543 1639 600 1699 illae
620 1639 764 1720 sacraeque
781 1640 980 1710 caerimonia,
995 1637 1060 1718 qui·
1076 1687 1084 1699 .

119 1731 173 1791 bus
185 1746 280 1790 tannen
297 1730 447 1808 juvaretur
461 1731 497 1792 ad
516 1732 635 1813 gratiam
649 1731 814 1792 uberiorem
832 1727 1059 1810 impetrandamr

119 1823 231 1882 tantum
246 1822 386 1883 breviata
396 1821 459 1883 sunt
473 1821 525 1896 ‚bc
541 1824 570 1882 in
587 1823 683 1883 multis
700 1818 993 1885 [oletissludiosrus
1005 1837 1061 1901 pro

119 1914 223 1974 adultis
233 1912 433 1976 observantur.
444 1914 650 1994 Quaecumque
663 1914 698 1976 ab
709 1913 817 1976 insante
826 1913 947 1975 dicenda
955 1909 1062 1988 essent,

118 2004 295 2087 respondent
305 2004 483 2085 susceptores
494 2029 500 2064 :
511 2027 545 2068 ac
556 2008 677 2087 primunr
689 2026 796 2068 nomen
806 2008 972 2088 imponunt,
981 2003 1063 2086 quod

120 2097 206 2158 saneii
216 2097 336 2176 alicujus
348 2096 517 2171 escuelles,
529 2118 614 2179 quens
625 2117 779 2181 patronum
796 2100 932 2181 parvulus
941 2097 1064 2170 habeat,

119 2188 149 2250 id
162 2188 203 2250 esi
215 2188 383 2270 ‚specialem
396 2192 471 2273 apud
488 2189 585 2252 Deum
598 2193 773 2254 advocarunt
786 2211 819 2252 ac
838 2210 949 2252 rnorunr
964 2208 1065 2250 erent·

120 2282 183 2362 plat
200 2280 251 2363 (l).
266 2282 319 2342 llis
331 2297 426 2343 autem
445 2281 677 2365 responsionibus
689 2279 868 2362 fidejussores
879 2281 954 2366 apud
966 2281 1065 2349 Deum

121 2371 212 2434 liunt:
225 2371 403 2435 servaturum
417 2368 569 2456 parvulum
586 2394 776 2456 quaecumque
791 2375 854 2452 ejus
864 2374 983 2436 nomine
995 2391 1068 2456 pro·

120 2465 249 2527 mittunt.
264 2464 370 2544 Quare
384 2464 447 2543 ejus
459 2463 618 2527 doetrinan
634 2466 667 2528 δι
680 2464 888 2529 institutionem
904 2461 1066 2526 studiosiu-

120 2557 214 2639 gulari
230 2576 334 2621 curare
357 2558 490 2632 debent,
513 2556 543 2618 bt
559 2557 589 2617 in
612 2555 805 2640 spiritualibus
825 2573 979 2639 parentum
997 2555 1069 2619 loco

121 2647 187 2711 else.
199 2650 275 2712 Ciun
288 2665 383 2710 autent
400 2649 501 2712 ritibus
512 2650 639 2711 externis
649 2668 709 2710 non
719 2649 903 2710 contineatur
914 2645 1070 2712 christiane

121 2743 243 2825 religio,
255 2742 352 2803 omnia
366 2739 503 2822 Baptismi
523 2739 661 2802 solemnia
681 2760 803 2823 urgente
819 2736 980 2803 necesitate
994 2757 1069 2820 prae·

121 2835 282 2896 terrnirtere
295 2834 361 2894 licet
373 2854 380 2893 :
393 2831 493 2897 sufficit
502 2853 605 2914 aquarn
618 2835 647 2895 in
661 2834 839 2914 baptizatum
849 2827 974 2903 effundi,
986 2829 1070 2890 adhi-

120 2925 190 2987 bitis
202 2924 248 2988 hic
265 2926 362 2987 verbis
376 2924 554 2988 necessariis:
569 2931 629 3009 ego
640 2945 665 2986 re
677 2928 793 3007 Bupu'qo
804 2927 832 2984 r'n
845 2925 945 2986 nornine
957 2923 1069 2999 Patris,

122 3020 152 3081 6·
163 3019 407 3100 Filii,&8pirirris
420 3018 611 3081 SentiiUnde
627 3017 759 3101 quamvis
768 3017 906 3080 flaretici
915 3014 1006 3077 sacras
1018 3012 1070 3077 Ec·

72 3146 75 3151 ,
123 3109 216 3173 clefiae
231 3112 414 3173 caerirnonias
431 3126 620 3174 contemnant
638 3155 648 3184 ,
667 3109 855 3173 nihilominirs
868 3111 947 3171 valer
963 3126 1070 3168 eorum

124 3200 285 3284 baptisma,
298 3202 388 3265 modo
400 3204 474 3282 aqui
491 3201 563 3264 veri
574 3202 712 3264 collatum
725 3201 759 3263 fit
774 3222 840 3264 curn
855 3199 957 3262 saneta
968 3197 1070 3259 Trini-

124 3295 192 3355 tatis
205 3294 403 3356 invocarione.
416 3292 511 3355 Porrb
530 3295 634 3355 eodern
650 3291 820 3355 necessitatis
838 3289 906 3355 casu
923 3290 1071 3371 baptizare

125 3368 246 3466 quilibet
261 3388 351 3449 homo
365 3384 459 3466 potest
472 3406 479 3444 :
493 3384 603 3458 laicus,
614 3383 742 3457 semina,
760 3382 904 3444 infidelis:
922 3378 1040 3445 moitis
1055 3411 1069 3428 ·

125 3476 174 3540 rib
186 3479 214 3540 id
228 3495 293 3559 agat
309 3479 389 3561 quod
401 3478 437 3541 ab
450 3474 574 3540 Ecclefia
586 3474 781 3560 praescriptum
798 3473 847 3538 eli.

158 3623 387 3686 (llllirdlasnan.

369 3750 479 3809 ΤΗ
502 3746 807 3809 TIMONIA.

157 3883 227 3933 Deus
240 3898 323 3933 ornnes
343 3881 451 3930 borsines
466 3883 517 3932 vult
533 3878 611 3932 seiros
629 3879 701 3936 fieri.
718 3878 786 3930 &ed
803 3876 947 3954 equitionern
962 3873 1073 3929 veritatis

124 3951 222 4004 venire,
231 3949 314 3997 nolens
322 3948 413 4058 qliquos
422 3950 516 4012 perire,
525 3946 694 3998 sedornrtetrd
703 3945 865 4010 poenitentum
873 3943 972 3992 reverti.
980 3957 1001 3990 ι.
1012 3938 1072 3996 Yon,

125 4033 148 4063 e.
165 4029 189 4061 2.
205 4031 228 4060 r.
245 4031 267 4071 4.
282 4029 305 4062 2.
341 4027 383 4059 err.
404 4029 425 4059 e.
456 4046 463 4060 .
481 4028 502 4060 r.
539 4046 545 4058 .

158 4078 236 4126 Sinite
247 4079 358 4140 parvulos
369 4027 453 4124 venir}
467 4075 496 4124 sel
506 4026 561 4131 tn9e,
579 4072 605 4124 ἃ
616 4088 645 4122 ne
654 4071 826 4134 prohibueritis
841 4085 903 4120 eos:
916 4071 999 4120 raliuro
1007 4070 1071 4118 eniri

124 4142 158 4192 est
171 4159 268 4207 regnunt
282 4142 338 4190 Dei.
352 4139 429 4188 Arnen
439 4141 494 4189 dito
503 4141 588 4189 tobit:
601 4135 716 4202 Quisquis
727 4153 774 4185 non
785 4137 903 4198 receperit
912 4150 1012 4201 regnunt
1023 4133 1072 4182 Dei

124 4209 191 4255 velut
208 4208 316 4267 purvulos
328 4243 335 4265 ,
353 4221 401 4253 non
413 4206 509 4253 intrabit
520 4208 543 4252 in
558 4204 620 4251 illuri.
638 4204 667 4251 Et
679 4204 832 4266 complerant
842 4216 899 4259 eos,
912 4199 937 4248 bc
948 4201 1073 4263 imponent

124 4290 209 4326 smnus
220 4273 289 4333 super
301 4271 368 4326 illut.
389 4271 544 4319 benedicebat
555 4285 606 4317 eos.
618 4266 696 4316 Marc.
709 4283 729 4314 t.
750 4268 787 4315 ro.
802 4283 824 4311 ν.
844 4281 880 4313 rc.
898 4279 936 4324 tq.
957 4280 993 4327 ¹5·

156 4337 313 4403 Deponentes
328 4338 399 4402 igitur
415 4352 507 4388 omnent
519 4336 644 4398 malitiam,
662 4330 718 4384 sicut
727 4327 800 4384 morib
814 4330 888 4396 geniti
905 4328 1025 4389 inientes,
1035 4343 1072 4377 rs·

818 4398 874 4460 Klt
895 4397 927 4460 iv
