2556 5040
191 536 545 607 ursaontcus
590 534 786 605 maron:
938 544 1014 631 asp

57 690 996 780 mtNJ

191 847 547 933 Lanato
625 845 872 930 xxxa

296 1035 352 1103 De
405 1031 525 1125 Christi
569 1029 764 1105 virtutibus.

144 1191 202 1252 Unt
214 1191 293 1254 lesus
305 1192 444 1256 miracula
455 1210 501 1256 tot
512 1191 628 1268 ederet,
637 1189 719 1254 simul
733 1189 866 1254 omnium
876 1186 904 1254 se
914 1189 1014 1255 virtu:

154 1302 214 1346 tum
228 1288 375 1370 exemplar
393 1287 559 1349 exhibebat.
573 1286 701 1349 Humilis
720 1302 785 1348 erat
796 1285 889 1348 corde
901 1283 965 1369 [a]:
978 1284 1020 1347 fi-

51 1379 123 1443 lium
135 1377 162 1439 se
179 1379 305 1442 ltominis
321 1380 451 1454 dicebat,
463 1380 522 1441 hoc
532 1377 591 1454 est,
602 1379 754 1442 hominem
769 1379 943 1461 vulgarem,
959 1379 1017 1441 lut·

52 1471 115 1534 mili
128 1473 197 1533 loco
212 1491 328 1548 natum,
342 1474 435 1555 qualis
447 1473 610 1535 videbatur.
627 1474 692 1534 Non
710 1473 788 1547 veni,
804 1472 916 1547 aiebat,
927 1469 1020 1552 minist,

52 1566 138 1639 erari,
148 1565 200 1644 sed
214 1569 356 1648 ministrare
369 1565 421 1649 [b].
432 1566 574 1629 Miracula
584 1566 756 1649 plerumque
765 1565 897 1640 celabat,
912 1565 1020 1647 prohi-¹

52 1656 128 1720 bens
144 1677 242 1739 aegtos
260 1679 297 1720 ne
315 1661 351 1721 ab
365 1660 427 1741 ipso
441 1658 555 1722 sanatos
573 1657 602 1721 se
611 1659 759 1722 dicerent:
770 1655 1019 1741 compesceusque

53 1748 203 1812 daemonia
214 1751 318 1813 Filium
331 1752 391 1814 Dei
406 1754 569 1815 clamantia.
584 1752 672 1835 fugit
690 1750 790 1826 solus,
804 1750 871 1813 cum
882 1751 1018 1812 homines

53 1842 94 1907 ab
106 1863 145 1905 eo
155 1844 184 1904 in
194 1844 404 1907 desertoribati
415 1843 627 1909 venturiellent
636 1863 668 1907 ut
676 1861 813 1927 raperent
824 1864 1019 1926 eum,regem·

54 1954 116 2019 que
133 1936 342 2000 constituerent
363 1939 414 2024 [c].
425 1939 496 2002 Non
510 1939 587 2001 luam
599 1984 608 2013 ,
621 1938 667 2000 sed
679 1937 790 2010 Patris,
803 1937 891 2019 alquo
904 1933 1022 2012 millus,

56 2030 184 2113 gloriam
199 2033 543 2113 quaerebat.Mitiserat‚
558 2034 718 2115 benignus:
730 2051 785 2094 nec
800 2030 1020 2106 contendebat,

56 2141 116 2185 nec
137 2125 259 2187 tollebat
282 2144 412 2189 vocem:
435 2127 582 2189 neminem
603 2124 772 2211 repellebat.
795 2122 945 2186 Adduuos
965 2123 1022 2186 ali·

58 2217 179 2299 qnando
192 2219 348 2300 parvulos,
361 2219 466 2301 quibus
477 2219 682 2292 benediceret,
696 2215 832 2300 Apolloli
841 2216 1025 2279 amovebant

60 2307 108 2397 [d]
117 2332 124 2369 :
133 2328 162 2373 at
173 2329 227 2373 eos
237 2313 419 2395 increpavit,
438 2312 630 2396 admovitque
640 2328 766 2395 pueroS,
778 2313 952 2394 complexus
964 2309 1024 2381 est,

59 2406 93 2467 dr
109 2406 241 2467 manibus
261 2405 401 2489 impositis
414 2405 580 2467 benedixit:
601 2406 700 2487 aitque
712 2402 818 2466 similes
835 2401 1026 2488 parvulis‚&

62 2498 205 2583 parvulos
214 2495 271 2561 elle
284 2500 410 2575 debere,
432 2499 483 2580 qui
494 2499 639 2561 coelotum
653 2515 777 2578 regnum
790 2498 943 2560 intrarent.
955 2493 1028 2558 Dis·

61 2592 198 2674 cipulos,
215 2591 342 2675 agrestes
363 2592 395 2653 dr
420 2592 573 2675 imperitos
597 2590 750 2664 homines,
763 2609 880 2675 aegros‚
892 2587 1025 2671 aliosque

62 2684 200 2768 improbe
219 2687 381 2761 irruentes,
396 2685 468 2747 mira
482 2683 621 2767 patientid
637 2683 792 2745 tolerabat.
804 2681 922 2745 Summa
934 2683 1028 2745 vitant

62 2794 237 2864 paupertate
251 2779 347 2842 duxit:
359 2778 426 2841 citat
445 2798 501 2841 nec
514 2799 618 2862 agrum
636 2796 691 2839 nec
703 2775 825 2838 domurn
841 2776 981 2848 haberet,
991 2792 1029 2837 ac

65 2871 225 2954 nequidem
239 2872 289 2934 ubi
302 2873 457 2957 reclinaret
477 2888 565 2955 caput
576 2869 627 2956 [e].
638 2867 743 2931 vinus
754 2870 782 2932 ei
796 2871 833 2931 ab
845 2867 1031 2931 auditoribus

66 2962 171 3051 sponte
188 2964 397 3029 exhibebatur:
410 2966 559 3049 praecipue
579 2962 682 3027 landis
706 2962 823 3026 feminis
845 2983 911 3045 quae
931 2956 1031 3025 minis·

67 3058 165 3121 trandi
174 3057 258 3122 cauli
267 3057 470 3143 sequebantur.
479 3057 591 3122 Omnia
600 3059 780 3142 paupertatis
789 3054 903 3119 ferebat
914 3056 1032 3118 incom-

67 3151 303 3227 moda,aestum,
318 3154 466 3236 algorem,
479 3151 604 3228 fantem,
615 3151 707 3226 sitim,
719 3149 936 3231 fatigationem:
950 3148 1033 3230 pedi·

69 3244 128 3307 bus
146 3246 206 3309 iter
224 3244 336 3311 taciens
348 3245 426 3332 ω,
442 3246 531 3329 idque
553 3245 695 3320 meridie,
711 3245 846 3327 quamvis
864 3238 1031 3306 calidiffima

71 3337 206 3420 regione.
225 3338 349 3404 Nullum
371 3360 500 3423 unquam
522 3339 562 3403 sui
582 3338 732 3403 commodi
753 3337 838 3400 caula
860 3337 1033 3399 miraculum

72 3428 151 3493 lecit.
172 3430 332 3514 Nunquam
349 3432 426 3509 rint,
437 3432 519 3497 tantd
530 3434 586 3496 fuit
604 3435 759 3518 gravitate.
774 3430 914 3492 Clemens
932 3447 1033 3493 tamen

71 3540 151 3599 erat,
164 3523 195 3585 dr
207 3525 378 3591 misericors.
387 3524 525 3591 Amicum
535 3528 678 3591 Lazarum
692 3541 841 3588 mortuum
858 3523 956 3598 flevit,
971 3523 988 3584 a
1004 3521 1035 3585 se

72 3635 144 3679 mor
152 3616 340 3684 suscitandum
347 3620 407 3708 [3].
416 3621 501 3684 flevit
510 3621 542 3685 dt
550 3616 925 3699 aliasvisdllierosolymd,
937 3604 1035 3678 immi·

71 3710 231 3797 nentesque
239 3716 579 3797 reputansealamitatea:
595 3712 674 3778 aded
682 3714 825 3797 patriam,
839 3712 927 3773 etiam
938 3712 1033 3792 ingra-

73 3820 149 3882 tam,
163 3808 310 3891 diligebat.
323 3807 631 3884 Liberaliterat,&irt
643 3825 748 3869 omnes
759 3802 917 3868 beneficus.
926 3802 1033 3866 Pecca-

71 3914 155 3959 tores
163 3902 445 3963 eonvettivolentes
453 3898 839 3985 benignesuscipiebarmec
848 3917 952 3959 eorum
962 3916 1035 3959 con·

75 3990 158 4051 vivia
182 3989 396 4074 aspernabatur.
422 3991 463 4055 At
489 3993 642 4055 induratos
661 3994 801 4075 arguebat
823 3992 1035 4065 vehementer.

73 4084 248 4167 hypocritas
255 4086 396 4163 maximd3
408 4087 510 4170 quales
520 4085 632 4147 Scriba
641 4084 829 4160 ornatiori,
840 4084 947 4168 quibus
960 4085 1034 4146 vitia

106 4268 153 4329 (a)
170 4267 244 4317 Mart.
262 4280 297 4312 ιι.
314 4277 354 4321 ao.
371 4262 410 4325 (b)
426 4278 463 4313 aa.
485 4265 525 4314 all.
544 4265 580 4325 (c)
594 4261 685 4313 Ionan·
700 4266 725 4315 ⁶.
744 4278 784 4324 ις.

108 4335 239 4395 (amatr.
250 4351 271 4387 c.
286 4349 323 4397 ¹9·
336 4350 360 4384 v.
376 4348 412 4393 rt.
428 4336 466 4382 18.
483 4347 503 4393 3.
518 4337 558 4396 (e)
575 4334 622 4382 luc
645 4349 667 4381 e.
680 4346 704 4397 9.
716 4346 739 4380 v.
754 4333 796 4390 58.

104 4404 158 4481 (f)
169 4406 262 4458 luenti.
280 4420 301 4458 c.
318 4421 341 4469 4.
356 4422 378 4457 v.
391 4408 417 4459 6.
452 4406 495 4471 (ὅ)
514 4404 606 4458 lanan.
618 4417 640 4456 t.
658 4418 698 4456 n.
716 4418 738 4457 ν.
752 4413 795 4465 n.
