2556 5040
341 552 682 623 insronrcus
727 554 922 623 Melon
1070 564 1143 649 395,

450 713 882 773 TESTIMONIA.

228 854 376 905 Benedidut
388 855 510 905 Dominus
524 858 592 906 Deus
603 891 611 915 ,
622 856 664 918 qui
674 856 744 906 dedit
757 857 837 909 David
851 856 928 905 filium
941 853 1141 921 sapientiffimun
1248 896 1253 907 .

194 918 396 989 superpopulum
410 928 473 973 hunc
493 927 632 986 plurimum.
656 926 764 974 Domine
786 928 855 975 Deus
867 959 876 983 ,
889 936 915 973 tu
934 941 1035 988 regnare
1063 925 1141 975 ticini

195 989 292 1040 servum
306 1004 373 1040 tuum
385 1008 429 1058 pro
441 994 521 1041 David
534 1005 606 1060 patre
621 1010 677 1042 tneo
687 1011 693 1040 z
704 1009 752 1058 ego
768 1007 851 1043 autem
868 994 918 1042 sum
932 1009 992 1058 puer
1006 999 1140 1059 paruulus,

196 1055 225 1105 ἃ
239 1061 352 1121 ignorans
364 1065 481 1124 egrellirm
496 1062 662 1111 &introitum
679 1079 769 1111 meum.
784 1063 863 1111 Dabit
876 1059 936 1125 ergo
949 1061 1020 1110 servo
1034 1074 1076 1110 tuo
1097 1075 1143 1111 cna

196 1128 299 1187 docile,
317 1141 343 1177 ut
354 1133 472 1195 populum
484 1142 552 1179 tuum
563 1129 672 1190 iudicare
686 1134 774 1196 posiit,
789 1135 910 1197 populum
919 1142 988 1180 tuum
999 1131 1064 1180 hunc
1078 1132 1143 1180 mul·

198 1207 296 1257 tum.3.
312 1198 372 1263 Reg.
385 1214 406 1244 r.
423 1214 479 1259 3.v.
492 1211 516 1255 7.
529 1213 555 1259 9.

233 1263 272 1311 Da
288 1267 348 1313 mihi
367 1267 459 1316 sedium
480 1279 576 1316 tuarum
596 1266 732 1316 aliitiricem
758 1266 912 1332 sapientiam.
934 1268 1011 1318 Mitte
1027 1268 1096 1317 luam
1108 1263 1141 1312 de

196 1332 266 1379 coelir
280 1331 365 1381 senilis
379 1335 426 1382 tuir
440 1368 448 1392 ,
464 1347 491 1383 ut
504 1351 601 1385 mecum
616 1339 643 1384 iit
656 1336 682 1383 dt
698 1349 795 1387 mecum
816 1336 933 1397 laboret,
947 1349 974 1387 ut
985 1334 1058 1385 sciam
1081 1333 1142 1397 quid

195 1413 329 1464 acceptum
341 1402 369 1450 ir
387 1406 453 1466 apud
464 1416 497 1453 te.
510 1406 572 1466 Sap.
584 1417 633 1463 cp.
641 1419 664 1452 v.
676 1419 701 1457 a·
716 1420 756 1454 ro.

231 1470 339 1534 Optrri,
354 1473 379 1518 dt
391 1472 461 1519 datur
474 1472 575 1522 crimini
587 1472 666 1521 scarus
682 1508 687 1520 .
703 1472 728 1520 dt
741 1473 871 1532 invocavi,
884 1472 1024 1524 &venitin
1039 1469 1139 1536 mespi-

196 1535 259 1584 titus
272 1538 396 1603 sapientia
407 1558 412 1586 :
423 1540 446 1587 δι
465 1539 583 1606 preposui
595 1542 663 1590 illam
675 1542 756 1604 reguis
774 1543 799 1590 dt
823 1541 935 1598 sedibus,
951 1541 976 1589 δι
989 1540 1088 1588 dividas
1100 1539 1140 1589 ui-

195 1604 293 1653 dileil'e
308 1608 366 1655 duxi
381 1609 405 1655 in
429 1609 614 1674 comparatione
639 1607 715 1658 iiliur.
725 1610 853 1659 Venerunt
873 1622 955 1659 autem
977 1608 1039 1657 mihi
1056 1606 1141 1656 omnia

197 1671 265 1722 bona
281 1677 373 1738 pariter
386 1690 442 1724 cum
455 1677 586 1726 illailla.
599 1693 621 1725 c.
635 1691 659 1732 r.
676 1693 699 1723 v.
711 1689 734 1733 7.
746 1682 770 1725 Β.
781 1693 819 1728 ιι.

232 1742 307 1804 Ego,
329 1744 454 1808 Sapientia
464 1777 472 1803 ,
481 1745 567 1795 habito
579 1750 603 1796 iu
617 1745 732 1807 confilin,
750 1747 775 1794 dt
790 1745 893 1795 eruditis
907 1742 1025 1794 intersum
1045 1743 1144 1807 copita-

197 1811 316 1860 tionibus.
330 1812 378 1860 Per
395 1827 435 1861 me
449 1826 520 1876 reges
542 1825 667 1877 regnaut,
684 1814 710 1862 &
730 1827 846 1880 potenter
860 1815 998 1864 decernunt
1017 1812 1145 1872 iuditia·-

199 1876 324 1929 Dominua
337 1882 443 1944 porredir
454 1897 493 1930 me
504 1882 535 1931 ab
547 1883 617 1933 initio
635 1885 728 1932 viarum
741 1882 836 1932 suarum
847 1915 854 1932 .
868 1894 998 1945 antequam
1012 1882 1144 1944 quidquam

197 1944 293 1996 faceret
306 1951 318 1996 d
331 1950 463 2014 principle.
476 1950 548 2000 Nunc
566 1950 627 2017 ergo
641 1951 685 2000 filii
697 1954 780 2001 audite
794 1968 851 2002 rue:
866 1953 938 2002 Beati
951 1952 992 2014 qui
1005 1949 1145 2000 custoditur

198 2013 251 2063 viar
263 2031 337 2067 mear.
349 2019 419 2066 Prov.
429 2034 451 2067 e.
468 2019 494 2068 Ι.
512 2033 535 2067 ν.
555 2032 593 2068 ιι.
606 2032 645 2080 ις.
660 2020 700 2071 ιό.
711 2034 751 2069 aa.
767 2035 806 2079 rr.
1210 2070 1212 2073 .

235 2084 334 2134 Vanitar
347 2089 499 2148 vanitatum,
512 2087 538 2135 dt
556 2091 640 2138 omnia
652 2087 747 2139 vanitas
758 2095 763 2137 !
776 2088 845 2149 Quid
858 2088 935 2138 habet
953 2085 1060 2154 amplirlr
1069 2087 1146 2136 hone

200 2149 233 2200 de
245 2153 356 2203 universo
369 2154 453 2204 labore
464 2154 506 2204 suu
516 2190 525 2217 ,
535 2158 576 2220 qui
585 2156 684 2208 laborat
695 2155 739 2207 sun
752 2157 802 2207 l‘ole
820 2157 907 2210 lEcrl.
921 2173 942 2208 e.
958 2170 980 2206 ι.
996 2172 1021 2204 v.
1036 2172 1058 2206 ι.
1074 2169 1096 2217 3.

216 2269 1136 2359 ffl=======2ffl

339 2413 707 2500 LECTIO
763 2417 1010 2505 XVIII.

418 2586 473 2655 De
491 2586 713 2657 Samaritano
735 2583 933 2680 schismate.

204 2748 428 2904 Sdrrnosrs
445 2769 564 2833 peccata
586 2752 628 2814 ita
648 2750 731 2815 Deus
750 2750 828 2813 uitus
844 2749 904 2825 est,
927 2768 960 2813 ur
972 2769 1093 2835 regnum
1108 2770 1149 2816 eo

272 2862 390 2905 mortuo
408 2844 595 2906 divideretur.
616 2843 694 2906 Sole
720 2843 802 2905 ludae
820 2842 1038 2926 Beniaminique
1056 2843 1150 2907 tribue

200 2935 360 2998 Roboamo
372 2934 433 3013 ejus
440 2934 501 2997 filio
512 2955 683 3018 paruerunt:
696 2937 797 2998 decem
810 2937 930 3019 reliquae
940 2936 1150 2999 leroboamuna

199 3025 220 3089 ὲ
234 3029 310 3088 tribu
324 3027 458 3107 Ephraim
470 3048 568 3110 regem
585 3028 732 3091 adscivere
746 3027 799 3112 (a).
812 3029 870 3091 Hic
879 3029 990 3091 veritus
1004 3027 1046 3090 est
1060 3048 1098 3092 ne
1110 3028 1149 3091 cd

200 3119 360 3200 legitimum
374 3138 472 3201 regem
487 3118 620 3183 lsradlirae
638 3122 784 3196 redirent,
808 3119 1099 3203 iiidieroioiymam,
1115 3136 1150 3183 ut

199 3210 355 3286 indebant,
380 3212 522 3274 adorandi
546 3212 772 3294 immolandique
806 3213 892 3275 causi
919 3230 1073 3294 pergerem
1094 3210 1151 3297 (l).

198 3301 296 3382 Quod
317 3319 349 3364 ιιι
366 3320 511 3365 averreret
521 3323 532 3376 3
553 3303 724 3386 religionem
736 3303 923 3376 immutavit3
941 3302 1148 3385 idolorumque

200 3391 343 3455 studiosos
363 3392 452 3456 sciens
466 3440 476 3469 ,
495 3395 606 3457 virulos
625 3413 731 3457 aureos
747 3393 839 3468 duos,
862 3390 972 3455 duabus
986 3392 1067 3476 regni
1082 3412 1149 3476 par·

201 3487 279 3547 ribus
302 3486 460 3547 collocavit
483 3530 493 3557 ,
525 3484 664 3548 exstruxit
687 3505 753 3548 aras
775 3486 897 3558 multas,
921 3484 1093 3548 Sacerdotes
1109 3504 1149 3549 ex

202 3577 267 3638 aliis
281 3598 366 3659 quam
379 3576 509 3639 levitici
521 3577 600 3642 tribu
613 3575 811 3651 consecravit,
837 3575 938 3640 {esium
956 3578 1149 3659 excogitavit.-
1227 3570 1230 3577 ’

202 3668 303 3730 divini
325 3669 361 3730 de
381 3688 492 3731 caercro
516 3671 581 3751 lege
601 3668 721 3733 servari.
743 3668 851 3731 Falsam
878 3669 952 3730 hanc
976 3669 1150 3752 religionem

201 3780 286 3840 reges
311 3780 412 3822 omues
440 3761 608 3823 leroboami
632 3759 802 3825 succeiloree
827 3761 982 3824 coluerunt
1006 3782 1013 3820 :
1037 3759 1148 3844 luitque

202 3850 329 3913 Schisma
346 3871 525 3934 perpetuum.
547 3853 595 3915 Sic
610 3855 688 3916 enim
711 3871 819 3917 vocant
841 3850 1029 3914 Ecclesraruur
1047 3851 1150 3915 sedilu-

200 3961 291 4014 nem,
310 3941 375 4004 citm
391 3946 490 4026 populi
510 3943 580 4006 Deo
594 3944 697 4007 addicti
718 3966 783 4028 pars
802 3945 839 4006 ab
855 3942 980 4007 Ecclesia
998 3943 1149 4020 universa,

202 4054 270 4113 quae
285 4031 344 4094 solo
356 4055 425 4096 vera
441 4033 499 4107 est,
520 4036 634 4097 secedit.
648 4038 717 4099 Erat
729 4056 824 4100 autem
835 4056 914 4098 verae
925 4035 1056 4098 Ecclesiae
1070 4035 1149 4099 sedet

202 4124 438 4205 Hierosolymis,
453 4128 501 4188 ubi
526 4128 608 4191 Deus
626 4130 655 4189 in
676 4133 786 4214 templo
802 4124 969 4211 ipsiusiuffu
989 4129 1005 4189 i
1031 4127 1148 4195 David·

208 4272 1109 4300 Dm

231 4357 273 4417 (u)
288 4371 308 4419 ς.
325 4356 386 4424 ch.
409 4371 431 4408 c·
446 4371 484 4409 ra.
520 4361 560 4423 (d)
584 4360 649 4415 ibid.
668 4378 691 4413 ν.
705 4363 746 4412 ao.
