2572 4958
200 597 272 674 mo
451 564 975 654 cntucnrsuus

201 698 281 750 fuerit
297 697 382 760 ,vivet
394 713 403 758 ς
417 695 443 747 dt
457 700 540 748 omnis
560 698 602 762 qui
619 697 716 750 vivit&
729 698 849 749 creditin
864 713 905 749 me
919 733 927 760 ,
949 711 1000 748 non
1013 697 1139 748 morietur
1150 695 1181 750 in

203 781 336 820 aeternum.
351 768 440 819 Credis
456 769 527 818 boel
540 769 618 818 ioan.
631 784 651 818 c.
670 784 707 818 ιι.
719 783 742 817 ν.
759 783 799 828 25·
810 771 852 818 26.

239 839 299 889 llec
318 839 352 888 eil
364 839 479 888 voluutas
492 837 562 900 ejus,
580 841 621 902 qui
634 838 771 899 militine,
785 838 867 888 Patris
880 855 887 887 z
901 847 930 886 ut
945 851 1021 887 omne
1043 838 1113 897 quod
1128 836 1180 886 de-

203 905 244 1025 ppt
260 909 323 958 milri
338 941 345 967 ‚
362 922 414 956 non
426 909 533 975 perdam
546 923 577 958 ex
590 924 640 970 eo,
652 907 696 957 sed
705 902 858 958 r'elliil'cltem
867 908 930 959 illud
943 909 969 958 iu
982 908 1113 957 novillitno
1125 907 1182 958 die.

235 976 301 1026 idem
314 994 336 1024 t.
351 981 376 1027 6.
389 992 412 1024 ν.
428 993 467 1039 39.

240 1047 293 1106 Qui
306 1046 442 1096 mttrducat
455 1061 538 1096 meam
551 1060 674 1107 carnem,
692 1045 796 1097 &bibit
808 1062 892 1097 meum
906 1046 1052 1112 sanguinem
1067 1080 1074 1107 ,
1097 1044 1183 1096 babet

204 1115 284 1165 uitam
298 1127 424 1165 eternam.
438 1117 497 1165 Non
515 1117 575 1168 sicut
595 1117 810 1167 manducaverunt
821 1129 907 1185 patres
920 1117 993 1167 veliti
1013 1129 1106 1166 manna
1121 1150 1130 1176 ,
1149 1115 1181 1164 bt

205 1186 298 1235 mortui
311 1183 377 1233 sunt.
400 1184 452 1247 Qui
469 1188 606 1237 manducat
622 1189 689 1238 hunc
701 1200 812 1253 panem,
826 1190 894 1238 vivet
909 1187 935 1236 in
949 1196 1081 1236 eternum.
1096 1185 1181 1236 doun.

122 1291 127 1299 .
204 1269 227 1304 e.
240 1256 266 1303 6.
280 1271 303 1303 ν.
320 1267 359 1314 55.
374 1268 414 1318 59.

238 1323 265 1373 si
280 1325 361 1373 inhac
379 1326 430 1374 vita
449 1321 547 1375 tantdm
559 1327 584 1376 in
598 1325 698 1377 Christo
718 1323 849 1391 sperantes
862 1323 944 1374 sumus
957 1357 966 1383 ‚
980 1322 1182 1375 miserabiliores

204 1389 289 1442 {umus
306 1394 423 1444 omnibus
436 1394 588 1445 hominibus.
610 1397 684 1446 Nunc
704 1406 788 1445 autem
804 1394 913 1446 Christus
932 1392 1088 1443 resurrexitd
1103 1407 1180 1442 mor-

205 1464 256 1512 tuis
271 1497 280 1524 ‚
295 1464 411 1530 primitia
425 1464 606 1516 dormientium
620 1483 626 1514 :
640 1465 759 1524 quoniam
772 1465 872 1528 quidem
885 1477 931 1531 per
945 1463 1074 1512 bominem
1087 1475 1180 1522 mors,

206 1530 235 1578 ἃ
246 1547 292 1597 per
303 1534 432 1582 hominem
453 1533 599 1586 resurrectio
623 1547 787 1586 mortuorum.
804 1535 839 1584 Et
854 1536 915 1584 ficut
927 1533 954 1583 in
976 1533 1059 1584 Adam
1082 1546 1180 1581 omnes

207 1604 349 1720 morinntpp
362 1637 370 1663 ,
382 1604 418 1653 ita
431 1602 457 1650 dt
471 1605 497 1654 ln
510 1605 609 1657 Chrillo
621 1620 711 1657 ornnes
726 1603 928 1658 vivificabuntur.
944 1617 968 1653 t.
983 1600 1038 1654 Cor.
1050 1617 1072 1651 c·
1091 1613 1132 1663 ις.
1150 1615 1181 1652 ν.

208 1681 251 1730 19.
263 1685 304 1720 ιο.
352 1685 374 1722 c.

220 1791 1164 1875 moe====uo

384 1889 998 2029 Lucu1o'x1u

520 2116 577 2186 De
611 2116 699 2188 Vita
727 2133 867 2189 oeterna·

212 2271 576 2432 REsurtnacrtortent
596 2275 717 2339 ultimus
731 2276 885 2340 hominum
903 2272 1039 2359 sequetur
1057 2270 1148 2334 status
1170 2275 1186 2348 ζ

299 2364 379 2449 isque
392 2384 537 2438 aeternus:
554 2370 623 2432 hinc
636 2371 697 2432 vita
712 2417 722 2445 ,
737 2371 807 2433 inde
820 2369 997 2451 mors.'llaec
1016 2364 1058 2430 est
1075 2381 1182 2428 autem

210 2459 277 2522 vita
293 2479 402 2524 aeterna
421 2479 474 2536 ‚ut
487 2461 670 2546 cognoscant
689 2461 781 2527 solum
797 2464 897 2526 Deum
919 2481 1024 2524 verum
1037 2459 1067 2521 dc
1085 2479 1181 2541 quem

211 2551 1185 2642 fflfflmfflffimmhfflmfflmwffluw

211 2644 308 2721 nitio,
321 2646 435 2711 utlides
447 2651 505 2733 qua
520 2649 674 2713 Trinitatis
686 2651 720 2713 dr
729 2649 940 2715 lucarnationis
954 2647 1094 2729 mysteria
1107 2665 1180 2707 cre·

212 2737 317 2806 dimus.
334 2739 434 2806 Deum
455 2744 503 2808 hic
517 2764 570 2827 per
589 2744 743 2826 oenigmata
759 2745 891 2817 nantium,
908 2761 943 2804 ac
961 2741 1089 2803 velutin
1108 2737 1183 2822 spe-¹

212 2833 303 2908 culo,
320 2835 464 2898 vidimus:
478 2853 549 2900 tunc
567 2837 641 2900 facie
659 2835 814 2901 adfaciem
832 2836 1019 2909 videbimus,
1039 2831 1070 2895 δι
1089 2829 1180 2894 sicuti

213 2924 257 2990 esl
269 2925 312 3010 [b]
325 2948 334 2986 :
345 2926 423 3009 isque
436 2949 492 2991 nos
502 2930 625 2992 intuitus
636 2930 741 2992 similes
753 2928 806 3014 ipss
821 2929 947 3003 efficiet,
966 2925 1087 3008 ejusque
1100 2926 1182 2989 ima·

214 3018 300 3102 gines
308 3019 395 3100 quim
405 3020 628 3083 absolutissimos.
640 3022 765 3104 Quanta
776 3040 875 3085 autem
888 3023 951 3084 haec
964 3018 1118 3083 beatitudo
1129 3017 1183 3083 fu·

214 3129 282 3174 tura
293 3109 328 3172 stt
347 3157 357 3186 ,
374 3113 421 3175 hic
435 3114 598 3198 intelligere
618 3133 679 3176 non
698 3112 853 3199 pollumus.
873 3113 987 3176 Oculus
1005 3131 1067 3175 non
1080 3112 1189 3188 vidit,'

215 3205 295 3269 auris
308 3225 368 3267 non
383 3209 514 3283 audivit,
529 3228 583 3271 nec
596 3208 626 3269 in
644 3227 697 3271 cor
710 3209 838 3270 bominis
857 3206 985 3271 ascendit
997 3251 1007 3280 ,
1019 3225 1086 3289 quae
1101 3225 1185 3288 prae·¹

214 3300 334 3384 paravit
344 3300 428 3366 Deus
441 3302 475 3364 iis
485 3303 534 3385 qui
543 3302 667 3385 diligunt
677 3303 758 3365 illurn
770 3301 820 3388 [c].
833 3300 930 3382 Hujus
942 3317 1041 3362 tamen
1051 3297 1186 3382 effigiem

215 3392 348 3467 rudem,
374 3395 541 3478 nollraeque
561 3397 752 3459 imbecillitati
772 3414 962 3478 congruam,
986 3410 1019 3455 ut
1043 3391 1187 3455 exhibeat

217 3484 387 3568 Scriptura,
402 3489 558 3552 Jerusalem
572 3487 742 3563 coelestem,
758 3489 985 3570 triumphantem
999 3484 1109 3548 scilicet
1121 3487 1187 3563 Ιῐε-ί

218 3579 356 3655 clessam,
371 3583 459 3644 instar
479 3579 656 3664 ampliffimae
674 3583 805 3643 civitatis
823 3582 935 3642 inducit
953 3626 963 3652 ,
981 3577 1115 3662 pretiosis
1133 3600 1198 3643 ert-2

219 3672 335 3736 dirudlae
348 3675 491 3757 lapidibus
506 3720 516 3748 ,
532 3693 665 3755 auroque
680 3673 826 3756 purilsrmo
839 3674 870 3735 dt
890 3671 1005 3735 cristalli
1018 3692 1103 3734 more
1120 3674 1188 3756 pel·

219 3767 320 3830 lucido
337 3767 390 3850 [d].
401 3766 557 3849 Templum
571 3786 631 3828 non
644 3769 731 3830 habet
740 3788 751 3842 3
760 3767 843 3829 Deus
857 3766 981 3849 ptaesens
994 3765 1096 3826 sufficit
1108 3785 1115 3823 :
1125 3787 1186 3831 nec

221 3858 281 3922 sole
293 3879 361 3945 eget
375 3882 431 3923 nec
450 3858 537 3936 luni,
552 3863 569 3923 i
582 3859 654 3922 Deo
674 3862 706 3923 δι
721 3863 811 3944 Agno
832 3862 1013 3922 illuminetur
1028 3878 1039 3933 3
1059 3859 1124 3920 dies
1141 3860 1187 3924 ibi

222 3972 372 4036 perpetua.
388 3955 649 4035 Potraenunquatn
666 3956 861 4018 clauduntur:
879 3952 918 4016 ed
938 3971 1023 4035 reges
1041 3969 1131 4015 terrae
1151 3952 1188 4018 δι

223 4063 327 4128 gentes
347 4067 449 4111 omnes
462 4048 614 4111 confluunt
635 4046 735 4112 Deum
749 4048 901 4111 laudaturi.
922 4047 993 4109 Non
1014 4046 1136 4107 intrabit
1154 4047 1188 4109 in

224 4159 290 4203 eam
308 4142 426 4223 aliquod
445 4143 666 4225 coinquinatum
687 4141 749 4228 [e]‚
766 4142 797 4203 δι
812 4160 902 4204 omne
920 4137 1104 4202 maledidium
1120 4157 1187 4200 non

258 4397 298 4458 (a)
316 4389 390 4445 Jenn.
407 4408 427 4444 c.
449 4408 488 4452 ¹⁷·
506 4409 529 4442 ν.
549 4403 571 4448 3.
588 4393 627 4457 (b)
643 4410 666 4442 r.
679 4390 734 4440 Cor.
747 4404 768 4438 c.
785 4388 961 4447 13.v.12.(c)
982 4397 1004 4435 r.
1016 4384 1072 4432 cor.
1091 4399 1114 4430 e.
1126 4395 1151 4432 ι.
1163 4398 1190 4434 ν.

223 4484 250 4536 p.
262 4464 313 4535 lfa.
326 4482 348 4520 c.
363 4480 389 4528 4.
408 4482 430 4518 ν.
445 4481 469 4531 4
483 4464 523 4531 (d)
533 4467 611 4533 Apoc.
623 4480 646 4517 c.
660 4475 695 4516 ιι.
712 4476 736 4514 ν.
748 4471 785 4512 to.
799 4456 821 4514 o
835 4455 889 4525 seq·
908 4457 943 4522 (e)
955 4453 1025 4506 ibid.
1039 4469 1064 4508 ν.
1074 4464 1117 4516 ²7·
1151 4492 1153 4496 Α
