<?xml version="1.0" encoding="UTF-8"?>
<!DOCTYPE html PUBLIC "-//W3C//DTD XHTML 1.0 Transitional//EN"
    "http://www.w3.org/TR/xhtml1/DTD/xhtml1-transitional.dtd">
<html xmlns="http://www.w3.org/1999/xhtml" xml:lang="en" lang="en">
 <head>
  <title>
</title>
<meta http-equiv="Content-Type" content="text/html;charset=utf-8" />
  <meta name='ocr-system' content='tesseract 3.04.00' />
  <meta name='ocr-capabilities' content='ocr_page ocr_carea ocr_par ocr_line ocrx_word'/>
</head>
<body>
  <div class='ocr_page' id='page_1' title='image "./opuscules01fleugoog_0515.png"; bbox 0 0 2556 5040; ppageno 0'>
   <div class='ocr_carea' id='block_1_1' title="bbox 300 502 1188 601">
    <p class='ocr_par' dir='ltr' id='par_1_1' title="bbox 300 502 1188 601">
     <span class='ocr_line' id='line_1_1' title="bbox 300 502 1188 601; baseline 0.014 -29"><span class='ocrx_word' id='word_1_1' title='bbox 300 502 653 588; x_wconf 67' lang='lat' dir='ltr'>lttsaomcus</span> <span class='ocrx_word' id='word_1_2' title='bbox 698 505 897 576; x_wconf 64' lang='lat' dir='ltr'>MAIOR!</span> <span class='ocrx_word' id='word_1_3' title='bbox 1043 522 1115 601; x_wconf 69' lang='grc' dir='ltr'>’Μ’</span> <span class='ocrx_word' id='word_1_4' title='bbox 1184 522 1188 531; x_wconf 88' lang='grc'><strong>’</strong></span> 
     </span>
    </p>
   </div>
   <div class='ocr_carea' id='block_1_2' title="bbox 141 618 1206 3022">
    <p class='ocr_par' dir='ltr' id='par_1_2' title="bbox 141 618 1206 3022">
     <span class='ocr_line' id='line_1_2' title="bbox 145 618 1113 704; baseline 0.004 -19"><span class='ocrx_word' id='word_1_5' title='bbox 145 620 222 696; x_wconf 78' lang='lat' dir='ltr'>tria,</span> <span class='ocrx_word' id='word_1_6' title='bbox 240 619 308 703; x_wconf 83' lang='lat' dir='ltr'>quia</span> <span class='ocrx_word' id='word_1_7' title='bbox 321 618 489 695; x_wconf 85' lang='lat' dir='ltr'>Chriiium,</span> <span class='ocrx_word' id='word_1_8' title='bbox 510 636 638 704; x_wconf 86' lang='lat' dir='ltr'>quantus</span> <span class='ocrx_word' id='word_1_9' title='bbox 658 634 741 694; x_wconf 91' lang='lat' dir='ltr'>erat,</span> <span class='ocrx_word' id='word_1_10' title='bbox 765 621 932 685; x_wconf 87' lang='lat' dir='ltr'>hominibus</span> <span class='ocrx_word' id='word_1_11' title='bbox 955 619 1113 690; x_wconf 80' lang='lat' dir='ltr'>ostendere</span> 
     </span>
     <span class='ocr_line' id='line_1_3' title="bbox 149 711 1112 799; baseline 0.003 -22"><span class='ocrx_word' id='word_1_12' title='bbox 149 731 326 796; x_wconf 82' lang='lat' dir='ltr'>coeperunt,</span> <span class='ocrx_word' id='word_1_13' title='bbox 345 711 458 776; x_wconf 78' lang='lat' dir='ltr'>Pelium</span> <span class='ocrx_word' id='word_1_14' title='bbox 472 714 530 776; x_wconf 91' lang='lat' dir='ltr'>hoc</span> <span class='ocrx_word' id='word_1_15' title='bbox 549 712 709 796; x_wconf 81' lang='lat' dir='ltr'>Epiphania</span> <span class='ocrx_word' id='word_1_16' title='bbox 723 711 850 784; x_wconf 73' lang='lat' dir='ltr'>diiium,</span> <span class='ocrx_word' id='word_1_17' title='bbox 872 716 901 776; x_wconf 93' lang='lat' dir='ltr'>id</span> <span class='ocrx_word' id='word_1_18' title='bbox 919 712 978 788; x_wconf 77' lang='lat' dir='ltr'>eli,</span> <span class='ocrx_word' id='word_1_19' title='bbox 995 719 1112 799; x_wconf 89' lang='lat' dir='ltr'>appari·</span> 
     </span>
     <span class='ocr_line' id='line_1_4' title="bbox 151 804 1112 890; baseline 0.002 -21"><span class='ocrx_word' id='word_1_20' title='bbox 151 806 294 870; x_wconf 87' lang='lat' dir='ltr'>tio.Tum</span> <span class='ocrx_word' id='word_1_21' title='bbox 305 808 439 870; x_wconf 89' lang='lat' dir='ltr'>mortalis</span> <span class='ocrx_word' id='word_1_22' title='bbox 448 804 553 870; x_wconf 82' lang='lat' dir='ltr'>Chriili</span> <span class='ocrx_word' id='word_1_23' title='bbox 566 808 635 870; x_wconf 82' lang='lat' dir='ltr'>virae</span> <span class='ocrx_word' id='word_1_24' title='bbox 646 804 916 890; x_wconf 84' lang='lat' dir='ltr'>praedicationisque</span> <span class='ocrx_word' id='word_1_25' title='bbox 931 807 1016 871; x_wconf 88' lang='lat' dir='ltr'>series</span> <span class='ocrx_word' id='word_1_26' title='bbox 1028 811 1112 871; x_wconf 88' lang='lat' dir='ltr'>exhi·</span> 
     </span>
     <span class='ocr_line' id='line_1_5' title="bbox 149 899 1110 983; baseline 0.002 -20"><span class='ocrx_word' id='word_1_27' title='bbox 149 903 238 963; x_wconf 85' lang='lat' dir='ltr'>betur</span> <span class='ocrx_word' id='word_1_28' title='bbox 255 921 262 958; x_wconf 77' lang='grc' dir='ltr'><strong><em>ε</em></strong></span> <span class='ocrx_word' id='word_1_29' title='bbox 283 900 408 962; x_wconf 73' lang='lat' dir='ltr'>maximi</span> <span class='ocrx_word' id='word_1_30' title='bbox 422 921 472 982; x_wconf 91' lang='lat' dir='ltr'>per</span> <span class='ocrx_word' id='word_1_31' title='bbox 486 899 862 982; x_wconf 81' lang='lat' dir='ltr'>Quadragesrmam,cuius</span> <span class='ocrx_word' id='word_1_32' title='bbox 879 899 1110 983; x_wconf 77' lang='lat' dir='ltr'>poliremaeduae</span> 
     </span>
     <span class='ocr_line' id='line_1_6' title="bbox 149 990 1109 1075; baseline 0.001 -19"><span class='ocrx_word' id='word_1_33' title='bbox 149 993 350 1056; x_wconf 80' lang='lat' dir='ltr'>hebdomades</span> <span class='ocrx_word' id='word_1_34' title='bbox 368 995 534 1055; x_wconf 83' lang='lat' dir='ltr'>recolendae</span> <span class='ocrx_word' id='word_1_35' title='bbox 547 990 632 1075; x_wconf 80' lang='lat' dir='ltr'>ipsius</span> <span class='ocrx_word' id='word_1_36' title='bbox 651 990 772 1055; x_wconf 78' lang='lat' dir='ltr'>Passioni</span> <span class='ocrx_word' id='word_1_37' title='bbox 790 992 893 1056; x_wconf 86' lang='lat' dir='ltr'>dicatae</span> <span class='ocrx_word' id='word_1_38' title='bbox 910 1016 918 1054; x_wconf 76' lang='grc' dir='ltr'><em>τ</em></span> <span class='ocrx_word' id='word_1_39' title='bbox 938 995 965 1055; x_wconf 93' lang='lat' dir='ltr'>in</span> <span class='ocrx_word' id='word_1_40' title='bbox 979 995 1022 1055; x_wconf 86' lang='lat' dir='ltr'>his</span> <span class='ocrx_word' id='word_1_41' title='bbox 1036 996 1109 1057; x_wconf 80' lang='lat' dir='ltr'>lteb-</span> 
     </span>
     <span class='ocr_line' id='line_1_7' title="bbox 148 1084 1110 1169; baseline 0.008 -25"><span class='ocrx_word' id='word_1_42' title='bbox 148 1084 276 1147; x_wconf 84' lang='lat' dir='ltr'>domada</span> <span class='ocrx_word' id='word_1_43' title='bbox 290 1087 402 1166; x_wconf 86' lang='lat' dir='ltr'>major,</span> <span class='ocrx_word' id='word_1_44' title='bbox 420 1085 538 1169; x_wconf 83' lang='lat' dir='ltr'>ejusque</span> <span class='ocrx_word' id='word_1_45' title='bbox 551 1103 611 1147; x_wconf 86' lang='lat' dir='ltr'>tres</span> <span class='ocrx_word' id='word_1_46' title='bbox 622 1087 717 1147; x_wconf 91' lang='lat' dir='ltr'>ultimi</span> <span class='ocrx_word' id='word_1_47' title='bbox 729 1087 800 1148; x_wconf 81' lang='lat' dir='ltr'>dies.</span> <span class='ocrx_word' id='word_1_48' title='bbox 814 1087 898 1150; x_wconf 78' lang='lat' dir='ltr'>Feria</span> <span class='ocrx_word' id='word_1_49' title='bbox 916 1089 994 1149; x_wconf 87' lang='lat' dir='ltr'>enim</span> <span class='ocrx_word' id='word_1_50' title='bbox 1007 1087 1110 1169; x_wconf 77' lang='lat' dir='ltr'>quinti</span> 
     </span>
     <span class='ocr_line' id='line_1_8' title="bbox 149 1176 1110 1260; baseline 0.005 -21"><span class='ocrx_word' id='word_1_51' title='bbox 149 1196 265 1239; x_wconf 84' lang='lat' dir='ltr'>coenam</span> <span class='ocrx_word' id='word_1_52' title='bbox 275 1177 533 1260; x_wconf 87' lang='lat' dir='ltr'>secit‚sacramque</span> <span class='ocrx_word' id='word_1_53' title='bbox 543 1176 885 1241; x_wconf 83' lang='lat' dir='ltr'>Eucharistiaminliituir.</span> <span class='ocrx_word' id='word_1_54' title='bbox 897 1178 981 1242; x_wconf 78' lang='lat' dir='ltr'>Ferii</span> <span class='ocrx_word' id='word_1_55' title='bbox 995 1178 1110 1244; x_wconf 75' lang='lat' dir='ltr'>sextam</span> 
     </span>
     <span class='ocr_line' id='line_1_9' title="bbox 148 1269 1110 1356; baseline 0.006 -25"><span class='ocrx_word' id='word_1_56' title='bbox 148 1290 239 1332; x_wconf 87' lang='lat' dir='ltr'>cruce</span> <span class='ocrx_word' id='word_1_57' title='bbox 254 1289 388 1334; x_wconf 86' lang='lat' dir='ltr'>mortuus</span> <span class='ocrx_word' id='word_1_58' title='bbox 400 1269 441 1333; x_wconf 88' lang='lat' dir='ltr'>est</span> <span class='ocrx_word' id='word_1_59' title='bbox 454 1295 463 1333; x_wconf 83' lang='lat'>.-</span> <span class='ocrx_word' id='word_1_60' title='bbox 476 1269 595 1334; x_wconf 87' lang='lat' dir='ltr'>sabbato</span> <span class='ocrx_word' id='word_1_61' title='bbox 605 1272 636 1332; x_wconf 93' lang='lat' dir='ltr'>in</span> <span class='ocrx_word' id='word_1_62' title='bbox 660 1271 793 1356; x_wconf 88' lang='lat' dir='ltr'>sepulcro</span> <span class='ocrx_word' id='word_1_63' title='bbox 802 1273 925 1354; x_wconf 85' lang='lat' dir='ltr'>quievit.</span> <span class='ocrx_word' id='word_1_64' title='bbox 941 1270 1110 1337; x_wconf 76' lang='lat' dir='ltr'>Abhisluc·</span> 
     </span>
     <span class='ocr_line' id='line_1_10' title="bbox 148 1361 1108 1451; baseline 0.007 -27"><span class='ocrx_word' id='word_1_65' title='bbox 148 1361 241 1425; x_wconf 79' lang='lat' dir='ltr'>tuosis</span> <span class='ocrx_word' id='word_1_66' title='bbox 253 1365 354 1425; x_wconf 85' lang='lat' dir='ltr'>diebus</span> <span class='ocrx_word' id='word_1_67' title='bbox 366 1365 536 1446; x_wconf 88' lang='lat' dir='ltr'>repentinus</span> <span class='ocrx_word' id='word_1_68' title='bbox 553 1365 589 1426; x_wconf 91' lang='lat' dir='ltr'>ad</span> <span class='ocrx_word' id='word_1_69' title='bbox 611 1364 741 1426; x_wconf 86' lang='lat' dir='ltr'>laetitiam</span> <span class='ocrx_word' id='word_1_70' title='bbox 756 1364 889 1428; x_wconf 80' lang='lat' dir='ltr'>transitus</span> <span class='ocrx_word' id='word_1_71' title='bbox 909 1363 970 1437; x_wconf 84' lang='lat' dir='ltr'>eli,</span> <span class='ocrx_word' id='word_1_72' title='bbox 986 1385 1108 1451; x_wconf 85' lang='lat' dir='ltr'>propter</span> 
     </span>
     <span class='ocr_line' id='line_1_11' title="bbox 147 1453 1108 1542; baseline 0.008 -26"><span class='ocrx_word' id='word_1_73' title='bbox 147 1453 258 1518; x_wconf 78' lang='lat' dir='ltr'>Christi</span> <span class='ocrx_word' id='word_1_74' title='bbox 283 1455 546 1520; x_wconf 69' lang='lat' dir='ltr'>Resurresiionem.</span> <span class='ocrx_word' id='word_1_75' title='bbox 566 1458 657 1539; x_wconf 88' lang='lat' dir='ltr'>ldque</span> <span class='ocrx_word' id='word_1_76' title='bbox 678 1455 808 1520; x_wconf 85' lang='lat' dir='ltr'>nostrum</span> <span class='ocrx_word' id='word_1_77' title='bbox 826 1457 869 1521; x_wconf 85' lang='lat' dir='ltr'>est</span> <span class='ocrx_word' id='word_1_78' title='bbox 881 1455 1008 1533; x_wconf 84' lang='lat' dir='ltr'>Pascha,</span> <span class='ocrx_word' id='word_1_79' title='bbox 1027 1459 1108 1542; x_wconf 80' lang='lat' dir='ltr'>quod</span> 
     </span>
     <span class='ocr_line' id='line_1_12' title="bbox 146 1546 1109 1634; baseline 0.009 -25"><span class='ocrx_word' id='word_1_80' title='bbox 146 1546 261 1631; x_wconf 82' lang='lat' dir='ltr'>semper</span> <span class='ocrx_word' id='word_1_81' title='bbox 279 1548 438 1612; x_wconf 75' lang='lat' dir='ltr'>Dominici</span> <span class='ocrx_word' id='word_1_82' title='bbox 454 1551 500 1612; x_wconf 92' lang='lat' dir='ltr'>die</span> <span class='ocrx_word' id='word_1_83' title='bbox 516 1550 714 1625; x_wconf 76' lang='lat' dir='ltr'>celebramus,</span> <span class='ocrx_word' id='word_1_84' title='bbox 726 1551 802 1613; x_wconf 85' lang='lat' dir='ltr'>duos</span> <span class='ocrx_word' id='word_1_85' title='bbox 819 1571 937 1634; x_wconf 89' lang='lat' dir='ltr'>quoque</span> <span class='ocrx_word' id='word_1_86' title='bbox 956 1550 1109 1633; x_wconf 79' lang='lat' dir='ltr'>sequentes</span> 
     </span>
     <span class='ocr_line' id='line_1_13' title="bbox 146 1640 1107 1724; baseline 0.01 -23"><span class='ocrx_word' id='word_1_87' title='bbox 146 1641 209 1704; x_wconf 84' lang='lat' dir='ltr'>dies</span> <span class='ocrx_word' id='word_1_88' title='bbox 223 1640 343 1705; x_wconf 87' lang='lat' dir='ltr'>festivos</span> <span class='ocrx_word' id='word_1_89' title='bbox 356 1644 476 1724; x_wconf 81' lang='lat' dir='ltr'>agimus.</span> <span class='ocrx_word' id='word_1_90' title='bbox 489 1642 570 1705; x_wconf 93' lang='lat' dir='ltr'>Olim</span> <span class='ocrx_word' id='word_1_91' title='bbox 585 1642 687 1706; x_wconf 87' lang='lat' dir='ltr'>selliva</span> <span class='ocrx_word' id='word_1_92' title='bbox 699 1664 763 1705; x_wconf 88' lang='lat' dir='ltr'>erat</span> <span class='ocrx_word' id='word_1_93' title='bbox 775 1661 837 1706; x_wconf 90' lang='lat' dir='ltr'>tota</span> <span class='ocrx_word' id='word_1_94' title='bbox 853 1644 1036 1707; x_wconf 86' lang='lat' dir='ltr'>hebdomada</span> <span class='ocrx_word' id='word_1_95' title='bbox 1048 1665 1058 1719; x_wconf 89' lang='lat'>;</span> <span class='ocrx_word' id='word_1_96' title='bbox 1073 1645 1107 1711; x_wconf 75' lang='grc' dir='ltr'>δι</span> 
     </span>
     <span class='ocr_line' id='line_1_14' title="bbox 142 1735 1107 1820; baseline 0.008 -26"><span class='ocrx_word' id='word_1_97' title='bbox 142 1749 257 1817; x_wconf 83' lang='lat' dir='ltr'>tempus</span> <span class='ocrx_word' id='word_1_98' title='bbox 271 1755 359 1798; x_wconf 90' lang='lat' dir='ltr'>omne</span> <span class='ocrx_word' id='word_1_99' title='bbox 373 1735 505 1799; x_wconf 86' lang='lat' dir='ltr'>Paschale</span> <span class='ocrx_word' id='word_1_100' title='bbox 517 1737 552 1798; x_wconf 90' lang='lat' dir='ltr'>ad</span> <span class='ocrx_word' id='word_1_101' title='bbox 566 1735 758 1798; x_wconf 84' lang='lat' dir='ltr'>Pentecosten</span> <span class='ocrx_word' id='word_1_102' title='bbox 774 1735 883 1820; x_wconf 87' lang='lat' dir='ltr'>usque,</span> <span class='ocrx_word' id='word_1_103' title='bbox 904 1737 1014 1799; x_wconf 71' lang='lat' dir='ltr'>laetitiae</span> <span class='ocrx_word' id='word_1_104' title='bbox 1025 1737 1107 1801; x_wconf 85' lang='lat' dir='ltr'>dica·</span> 
     </span>
     <span class='ocr_line' id='line_1_15' title="bbox 144 1827 1106 1913; baseline 0.01 -26"><span class='ocrx_word' id='word_1_105' title='bbox 144 1827 280 1902; x_wconf 78' lang='lat' dir='ltr'>romeli,</span> <span class='ocrx_word' id='word_1_106' title='bbox 298 1848 418 1912; x_wconf 89' lang='lat' dir='ltr'>propter</span> <span class='ocrx_word' id='word_1_107' title='bbox 432 1827 539 1890; x_wconf 79' lang='lat' dir='ltr'>Christi</span> <span class='ocrx_word' id='word_1_108' title='bbox 557 1829 685 1890; x_wconf 83' lang='lat' dir='ltr'>redivivi</span> <span class='ocrx_word' id='word_1_109' title='bbox 704 1830 837 1913; x_wconf 79' lang='lat' dir='ltr'>gloriam.</span> <span class='ocrx_word' id='word_1_110' title='bbox 857 1827 1106 1913; x_wconf 79' lang='lat' dir='ltr'>Quadragestmus</span> 
     </span>
     <span class='ocr_line' id='line_1_16' title="bbox 146 1919 1106 2006; baseline 0.005 -24"><span class='ocrx_word' id='word_1_111' title='bbox 146 1919 165 1982; x_wconf 73' lang='lat' dir='ltr'>a</span> <span class='ocrx_word' id='word_1_112' title='bbox 179 1920 312 1984; x_wconf 86' lang='lat' dir='ltr'>Paschate</span> <span class='ocrx_word' id='word_1_113' title='bbox 324 1923 386 1984; x_wconf 92' lang='lat' dir='ltr'>dies</span> <span class='ocrx_word' id='word_1_114' title='bbox 399 1921 439 1985; x_wconf 88' lang='lat' dir='ltr'>eil</span> <span class='ocrx_word' id='word_1_115' title='bbox 449 1920 632 1984; x_wconf 75' lang='lat' dir='ltr'>Ascensronis</span> <span class='ocrx_word' id='word_1_116' title='bbox 642 1922 822 1984; x_wconf 85' lang='lat' dir='ltr'>Dominicae.</span> <span class='ocrx_word' id='word_1_117' title='bbox 832 1923 878 1986; x_wconf 88' lang='lat' dir='ltr'>Sic</span> <span class='ocrx_word' id='word_1_118' title='bbox 891 1925 960 1985; x_wconf 90' lang='lat' dir='ltr'>anni</span> <span class='ocrx_word' id='word_1_119' title='bbox 969 1923 1106 2006; x_wconf 82' lang='lat' dir='ltr'>cujusque</span> 
     </span>
     <span class='ocr_line' id='line_1_17' title="bbox 144 2012 1107 2080; baseline 0.006 -5"><span class='ocrx_word' id='word_1_120' title='bbox 144 2013 266 2077; x_wconf 84' lang='lat' dir='ltr'>decursu</span> <span class='ocrx_word' id='word_1_121' title='bbox 277 2013 400 2077; x_wconf 81' lang='lat' dir='ltr'>Ecclesia</span> <span class='ocrx_word' id='word_1_122' title='bbox 413 2012 498 2078; x_wconf 88' lang='lat' dir='ltr'>sacris</span> <span class='ocrx_word' id='word_1_123' title='bbox 508 2014 623 2077; x_wconf 84' lang='lat' dir='ltr'>Officiis</span> <span class='ocrx_word' id='word_1_124' title='bbox 635 2018 705 2078; x_wconf 82' lang='lat' dir='ltr'>vitae</span> <span class='ocrx_word' id='word_1_125' title='bbox 718 2016 734 2076; x_wconf 73' lang='lat' dir='ltr'>a</span> <span class='ocrx_word' id='word_1_126' title='bbox 755 2015 874 2078; x_wconf 85' lang='lat' dir='ltr'>Christo</span> <span class='ocrx_word' id='word_1_127' title='bbox 884 2017 960 2079; x_wconf 88' lang='lat' dir='ltr'>inter</span> <span class='ocrx_word' id='word_1_128' title='bbox 972 2017 1107 2080; x_wconf 85' lang='lat' dir='ltr'>homines</span> 
     </span>
     <span class='ocr_line' id='line_1_18' title="bbox 141 2104 1206 2192; baseline 0.005 -23"><span class='ocrx_word' id='word_1_129' title='bbox 141 2105 216 2170; x_wconf 71' lang='lat' dir='ltr'>atta</span> <span class='ocrx_word' id='word_1_130' title='bbox 230 2106 332 2170; x_wconf 89' lang='lat' dir='ltr'>seriem</span> <span class='ocrx_word' id='word_1_131' title='bbox 351 2127 470 2171; x_wconf 89' lang='lat' dir='ltr'>omnem</span> <span class='ocrx_word' id='word_1_132' title='bbox 480 2106 677 2191; x_wconf 79' lang='lat' dir='ltr'>repraesentat.</span> <span class='ocrx_word' id='word_1_133' title='bbox 686 2109 815 2171; x_wconf 89' lang='lat' dir='ltr'>Decimo</span> <span class='ocrx_word' id='word_1_134' title='bbox 825 2107 888 2192; x_wconf 83' lang='lat' dir='ltr'>poll</span> <span class='ocrx_word' id='word_1_135' title='bbox 896 2108 1105 2173; x_wconf 83' lang='lat' dir='ltr'>Ascenstonem</span> <span class='ocrx_word' id='word_1_136' title='bbox 1205 2104 1206 2107; x_wconf 44' lang='lat'>&#39;</span> 
     </span>
     <span class='ocr_line' id='line_1_19' title="bbox 143 2199 1106 2288; baseline 0.006 -28"><span class='ocrx_word' id='word_1_137' title='bbox 143 2199 213 2273; x_wconf 86' lang='lat' dir='ltr'>die,</span> <span class='ocrx_word' id='word_1_138' title='bbox 228 2199 421 2263; x_wconf 85' lang='lat' dir='ltr'>Pentecosten</span> <span class='ocrx_word' id='word_1_139' title='bbox 439 2202 620 2264; x_wconf 83' lang='lat' dir='ltr'>celebramus</span> <span class='ocrx_word' id='word_1_140' title='bbox 631 2247 640 2277; x_wconf 89' lang='lat'>,</span> <span class='ocrx_word' id='word_1_141' title='bbox 651 2203 682 2264; x_wconf 94' lang='lat' dir='ltr'>in</span> <span class='ocrx_word' id='word_1_142' title='bbox 695 2201 820 2288; x_wconf 86' lang='lat' dir='ltr'>Spiritus</span> <span class='ocrx_word' id='word_1_143' title='bbox 839 2201 933 2264; x_wconf 72' lang='lat' dir='ltr'>Sanlli</span> <span class='ocrx_word' id='word_1_144' title='bbox 955 2201 1106 2287; x_wconf 76' lang='lat' dir='ltr'>Apostolis</span> 
     </span>
     <span class='ocr_line' id='line_1_20' title="bbox 146 2291 1105 2377; baseline 0.006 -24"><span class='ocrx_word' id='word_1_145' title='bbox 146 2291 239 2377; x_wconf 78' lang='lat' dir='ltr'>illapsi</span> <span class='ocrx_word' id='word_1_146' title='bbox 257 2295 429 2357; x_wconf 82' lang='lat' dir='ltr'>memoriam</span> <span class='ocrx_word' id='word_1_147' title='bbox 440 2315 447 2354; x_wconf 80' lang='grc' dir='ltr'><strong><em>ε</em></strong></span> <span class='ocrx_word' id='word_1_148' title='bbox 457 2313 581 2376; x_wconf 84' lang='lat' dir='ltr'>eamque</span> <span class='ocrx_word' id='word_1_149' title='bbox 591 2295 653 2357; x_wconf 86' lang='lat' dir='ltr'>dies</span> <span class='ocrx_word' id='word_1_150' title='bbox 667 2296 736 2357; x_wconf 87' lang='lat' dir='ltr'>item</span> <span class='ocrx_word' id='word_1_151' title='bbox 750 2293 813 2358; x_wconf 78' lang='lat' dir='ltr'>serti</span> <span class='ocrx_word' id='word_1_152' title='bbox 822 2295 882 2357; x_wconf 90' lang='lat' dir='ltr'>duo</span> <span class='ocrx_word' id='word_1_153' title='bbox 895 2312 926 2358; x_wconf 92' lang='lat' dir='ltr'>ut</span> <span class='ocrx_word' id='word_1_154' title='bbox 941 2294 1045 2359; x_wconf 85' lang='lat' dir='ltr'>Pascha</span> <span class='ocrx_word' id='word_1_155' title='bbox 1061 2295 1105 2359; x_wconf 88' lang='lat' dir='ltr'>se·</span> 
     </span>
     <span class='ocr_line' id='line_1_21' title="bbox 143 2385 1105 2472; baseline 0.01 -27"><span class='ocrx_word' id='word_1_156' title='bbox 143 2405 274 2467; x_wconf 88' lang='lat' dir='ltr'>quuntur</span> <span class='ocrx_word' id='word_1_157' title='bbox 287 2387 342 2472; x_wconf 81' lang='lat' dir='ltr'>(a)</span> <span class='ocrx_word' id='word_1_158' title='bbox 354 2385 490 2448; x_wconf 84' lang='lat' dir='ltr'>Proxima</span> <span class='ocrx_word' id='word_1_159' title='bbox 505 2385 665 2449; x_wconf 87' lang='lat' dir='ltr'>Dominica</span> <span class='ocrx_word' id='word_1_160' title='bbox 680 2385 854 2450; x_wconf 74' lang='lat' dir='ltr'>saniiiliimae</span> <span class='ocrx_word' id='word_1_161' title='bbox 862 2387 1014 2452; x_wconf 74' lang='lat' dir='ltr'>Trinitatis</span> <span class='ocrx_word' id='word_1_162' title='bbox 1027 2385 1105 2470; x_wconf 87' lang='lat' dir='ltr'>mys·</span> 
     </span>
     <span class='ocr_line' id='line_1_22' title="bbox 145 2477 1104 2564; baseline 0.007 -25"><span class='ocrx_word' id='word_1_163' title='bbox 145 2481 224 2541; x_wconf 89' lang='lat' dir='ltr'>terio</span> <span class='ocrx_word' id='word_1_164' title='bbox 241 2478 402 2562; x_wconf 84' lang='lat' dir='ltr'>specialiter</span> <span class='ocrx_word' id='word_1_165' title='bbox 416 2478 510 2540; x_wconf 91' lang='lat' dir='ltr'>dicata</span> <span class='ocrx_word' id='word_1_166' title='bbox 521 2477 561 2540; x_wconf 86' lang='lat' dir='ltr'>eil</span> <span class='ocrx_word' id='word_1_167' title='bbox 575 2500 582 2538; x_wconf 78' lang='grc' dir='ltr'><em>τ</em></span> <span class='ocrx_word' id='word_1_168' title='bbox 597 2477 784 2542; x_wconf 82' lang='lat' dir='ltr'>Eucharistiae</span> <span class='ocrx_word' id='word_1_169' title='bbox 795 2478 915 2562; x_wconf 85' lang='lat' dir='ltr'>sequens</span> <span class='ocrx_word' id='word_1_170' title='bbox 934 2481 1006 2544; x_wconf 90' lang='lat' dir='ltr'>seria</span> <span class='ocrx_word' id='word_1_171' title='bbox 1019 2485 1104 2564; x_wconf 86' lang='lat' dir='ltr'>quin·</span> 
     </span>
     <span class='ocr_line' id='line_1_23' title="bbox 143 2569 1103 2657; baseline 0.007 -25"><span class='ocrx_word' id='word_1_172' title='bbox 143 2590 195 2645; x_wconf 86' lang='lat' dir='ltr'>ra;</span> <span class='ocrx_word' id='word_1_173' title='bbox 211 2570 310 2655; x_wconf 86' lang='lat' dir='ltr'>elique</span> <span class='ocrx_word' id='word_1_174' title='bbox 323 2569 436 2634; x_wconf 76' lang='lat' dir='ltr'>Festum</span> <span class='ocrx_word' id='word_1_175' title='bbox 453 2569 599 2654; x_wconf 89' lang='lat' dir='ltr'>Corporis</span> <span class='ocrx_word' id='word_1_176' title='bbox 616 2569 723 2633; x_wconf 83' lang='lat' dir='ltr'>Christi</span> <span class='ocrx_word' id='word_1_177' title='bbox 733 2618 743 2646; x_wconf 90' lang='lat'>‚</span> <span class='ocrx_word' id='word_1_178' title='bbox 755 2574 773 2632; x_wconf 75' lang='lat' dir='ltr'>a</span> <span class='ocrx_word' id='word_1_179' title='bbox 785 2575 1002 2657; x_wconf 78' lang='lat' dir='ltr'>quadringentis</span> <span class='ocrx_word' id='word_1_180' title='bbox 1018 2576 1103 2639; x_wconf 86' lang='lat' dir='ltr'>annis</span> 
     </span>
     <span class='ocr_line' id='line_1_24' title="bbox 145 2662 1104 2747; baseline 0.008 -25"><span class='ocrx_word' id='word_1_181' title='bbox 145 2662 293 2726; x_wconf 75' lang='lat' dir='ltr'>indusium</span> <span class='ocrx_word' id='word_1_182' title='bbox 307 2685 372 2726; x_wconf 87' lang='lat' dir='ltr'>cum</span> <span class='ocrx_word' id='word_1_183' title='bbox 389 2662 573 2728; x_wconf 86' lang='lat' dir='ltr'>Procesiione</span> <span class='ocrx_word' id='word_1_184' title='bbox 587 2662 724 2739; x_wconf 89' lang='lat' dir='ltr'>solemni,</span> <span class='ocrx_word' id='word_1_185' title='bbox 737 2665 773 2726; x_wconf 89' lang='lat' dir='ltr'>ad</span> <span class='ocrx_word' id='word_1_186' title='bbox 783 2667 937 2747; x_wconf 82' lang='lat' dir='ltr'>expiandas</span> <span class='ocrx_word' id='word_1_187' title='bbox 946 2667 1039 2730; x_wconf 88' lang='lat' dir='ltr'>illatas</span> <span class='ocrx_word' id='word_1_188' title='bbox 1050 2685 1104 2730; x_wconf 84' lang='lat' dir='ltr'>ve·</span> 
     </span>
     <span class='ocr_line' id='line_1_25' title="bbox 142 2755 1102 2841; baseline 0.007 -24"><span class='ocrx_word' id='word_1_189' title='bbox 142 2755 267 2818; x_wconf 91' lang='lat' dir='ltr'>nerabili</span> <span class='ocrx_word' id='word_1_190' title='bbox 282 2756 472 2820; x_wconf 89' lang='lat' dir='ltr'>Sacramento</span> <span class='ocrx_word' id='word_1_191' title='bbox 485 2758 521 2819; x_wconf 89' lang='lat' dir='ltr'>ab</span> <span class='ocrx_word' id='word_1_192' title='bbox 533 2758 690 2821; x_wconf 83' lang='lat' dir='ltr'>Haerericis</span> <span class='ocrx_word' id='word_1_193' title='bbox 707 2759 908 2821; x_wconf 84' lang='lat' dir='ltr'>contumelias.</span> <span class='ocrx_word' id='word_1_194' title='bbox 927 2759 968 2820; x_wconf 90' lang='lat' dir='ltr'>lta</span> <span class='ocrx_word' id='word_1_195' title='bbox 984 2779 1038 2841; x_wconf 86' lang='lat' dir='ltr'>per</span> <span class='ocrx_word' id='word_1_196' title='bbox 1058 2758 1102 2823; x_wconf 88' lang='lat' dir='ltr'>sa·</span> 
     </span>
     <span class='ocr_line' id='line_1_26' title="bbox 145 2849 1103 2935; baseline 0.009 -26"><span class='ocrx_word' id='word_1_197' title='bbox 145 2868 211 2910; x_wconf 86' lang='lat' dir='ltr'>cras</span> <span class='ocrx_word' id='word_1_198' title='bbox 224 2851 410 2914; x_wconf 82' lang='lat' dir='ltr'>caerimonias</span> <span class='ocrx_word' id='word_1_199' title='bbox 428 2852 528 2914; x_wconf 87' lang='lat' dir='ltr'>omnia</span> <span class='ocrx_word' id='word_1_200' title='bbox 546 2851 711 2935; x_wconf 82' lang='lat' dir='ltr'>Religionis</span> <span class='ocrx_word' id='word_1_201' title='bbox 726 2849 864 2933; x_wconf 79' lang='lat' dir='ltr'>mysteria</span> <span class='ocrx_word' id='word_1_202' title='bbox 881 2853 976 2916; x_wconf 86' lang='lat' dir='ltr'>oculis</span> <span class='ocrx_word' id='word_1_203' title='bbox 996 2850 1103 2918; x_wconf 79' lang='lat' dir='ltr'>nostris</span> 
     </span>
     <span class='ocr_line' id='line_1_27' title="bbox 142 2940 405 3022; baseline 0.011 -19"><span class='ocrx_word' id='word_1_204' title='bbox 142 2940 270 3004; x_wconf 78' lang='lat' dir='ltr'>Ecclesia</span> <span class='ocrx_word' id='word_1_205' title='bbox 285 2943 405 3022; x_wconf 86' lang='lat' dir='ltr'>subjicit.</span> 
     </span>
    </p>
   </div>
   <div class='ocr_carea' id='block_1_3' title="bbox 175 3058 854 3242">
    <p class='ocr_par' dir='ltr' id='par_1_3' title="bbox 175 3058 854 3242">
     <span class='ocr_line' id='line_1_28' title="bbox 175 3058 649 3129; baseline 0 -17"><span class='ocrx_word' id='word_1_206' title='bbox 175 3059 224 3124; x_wconf 80' lang='lat' dir='ltr'>(a)</span> <span class='ocrx_word' id='word_1_207' title='bbox 242 3060 293 3113; x_wconf 72' lang='lat' dir='ltr'>to</span> <span class='ocrx_word' id='word_1_208' title='bbox 308 3061 384 3128; x_wconf 75' lang='lat' dir='ltr'>Epist.</span> <span class='ocrx_word' id='word_1_209' title='bbox 402 3063 438 3114; x_wconf 80' lang='lat' dir='ltr'>cd</span> <span class='ocrx_word' id='word_1_210' title='bbox 450 3059 564 3129; x_wconf 70' lang='lat' dir='ltr'>Episcop.</span> <span class='ocrx_word' id='word_1_211' title='bbox 577 3058 649 3113; x_wconf 78' lang='lat' dir='ltr'>Siris.</span> 
     </span>
     <span class='ocr_line' id='line_1_29' title="bbox 371 3158 854 3242; baseline 0 -2"><span class='ocrx_word' id='word_1_212' title='bbox 371 3158 854 3242; x_wconf 44' lang='lat' dir='ltr'>(assuuntur.</span> 
     </span>
    </p>
   </div>
   <div class='ocr_carea' id='block_1_4' title="bbox 131 3309 1180 4420">
    <p class='ocr_par' dir='ltr' id='par_1_4' title="bbox 140 3309 1101 3441">
     <span class='ocr_line' id='line_1_30' title="bbox 177 3309 1101 3376; baseline 0.008 -17"><span class='ocrx_word' id='word_1_213' title='bbox 177 3309 326 3362; x_wconf 82' lang='lat' dir='ltr'>Benedicite</span> <span class='ocrx_word' id='word_1_214' title='bbox 340 3311 480 3361; x_wconf 83' lang='lat' dir='ltr'>Dominum</span> <span class='ocrx_word' id='word_1_215' title='bbox 496 3324 585 3362; x_wconf 78' lang='lat' dir='ltr'>omnes</span> <span class='ocrx_word' id='word_1_216' title='bbox 603 3311 680 3362; x_wconf 66' lang='lat' dir='ltr'>eleas</span> <span class='ocrx_word' id='word_1_217' title='bbox 704 3309 758 3373; x_wconf 83' lang='lat' dir='ltr'>eius</span> <span class='ocrx_word' id='word_1_218' title='bbox 772 3328 779 3360; x_wconf 81' lang='lat' dir='ltr'>a</span> <span class='ocrx_word' id='word_1_219' title='bbox 792 3312 860 3376; x_wconf 71' lang='lat' dir='ltr'>agita</span> <span class='ocrx_word' id='word_1_220' title='bbox 883 3311 939 3363; x_wconf 82' lang='lat' dir='ltr'>cllet</span> <span class='ocrx_word' id='word_1_221' title='bbox 959 3311 1051 3364; x_wconf 72' lang='lat' dir='ltr'>latici·</span> <span class='ocrx_word' id='word_1_222' title='bbox 1073 3313 1101 3367; x_wconf 64' lang='lat' dir='ltr'>k</span> 
     </span>
     <span class='ocr_line' id='line_1_31' title="bbox 140 3380 643 3441; baseline 0.004 -15"><span class='ocrx_word' id='word_1_223' title='bbox 140 3381 301 3431; x_wconf 83' lang='lat' dir='ltr'>confitemini</span> <span class='ocrx_word' id='word_1_224' title='bbox 323 3381 370 3429; x_wconf 93' lang='lat' dir='ltr'>llli.</span> <span class='ocrx_word' id='word_1_225' title='bbox 392 3380 492 3430; x_wconf 63' lang='lat' dir='ltr'>Tunc.</span> <span class='ocrx_word' id='word_1_226' title='bbox 510 3392 584 3441; x_wconf 70' lang='grc' dir='ltr'><strong>1ς.ν.</strong></span> <span class='ocrx_word' id='word_1_227' title='bbox 604 3394 643 3429; x_wconf 83' lang='lat' dir='ltr'>ro.</span> 
     </span>
    </p>

    <p class='ocr_par' dir='ltr' id='par_1_5' title="bbox 139 3447 1100 3584">
     <span class='ocr_line' id='line_1_32' title="bbox 177 3447 1100 3507; baseline 0.008 -9"><span class='ocrx_word' id='word_1_228' title='bbox 177 3447 287 3499; x_wconf 82' lang='lat' dir='ltr'>iubilate</span> <span class='ocrx_word' id='word_1_229' title='bbox 303 3451 383 3507; x_wconf 88' lang='lat' dir='ltr'>Deo,</span> <span class='ocrx_word' id='word_1_230' title='bbox 407 3450 488 3500; x_wconf 83' lang='lat' dir='ltr'>omnis</span> <span class='ocrx_word' id='word_1_231' title='bbox 509 3463 574 3499; x_wconf 76' lang='lat' dir='ltr'>terrr</span> <span class='ocrx_word' id='word_1_232' title='bbox 590 3465 596 3498; x_wconf 71' lang='grc' dir='ltr'><em>τ</em></span> <span class='ocrx_word' id='word_1_233' title='bbox 613 3447 702 3499; x_wconf 79' lang='lat' dir='ltr'>servite</span> <span class='ocrx_word' id='word_1_234' title='bbox 715 3447 829 3498; x_wconf 82' lang='lat' dir='ltr'>Domino</span> <span class='ocrx_word' id='word_1_235' title='bbox 842 3448 869 3500; x_wconf 83' lang='lat' dir='ltr'>iu</span> <span class='ocrx_word' id='word_1_236' title='bbox 886 3450 979 3500; x_wconf 75' lang='lat' dir='ltr'>laticis.</span> <span class='ocrx_word' id='word_1_237' title='bbox 992 3451 1100 3505; x_wconf 80' lang='lat' dir='ltr'>Intraltt</span> 
     </span>
     <span class='ocr_line' id='line_1_33' title="bbox 139 3515 759 3584; baseline 0.003 -20"><span class='ocrx_word' id='word_1_238' title='bbox 139 3515 167 3565; x_wconf 88' lang='lat' dir='ltr'>in</span> <span class='ocrx_word' id='word_1_239' title='bbox 181 3519 312 3584; x_wconf 69' lang='lat' dir='ltr'>conspectu</span> <span class='ocrx_word' id='word_1_240' title='bbox 326 3517 401 3580; x_wconf 83' lang='lat' dir='ltr'>ejus,</span> <span class='ocrx_word' id='word_1_241' title='bbox 417 3522 443 3569; x_wconf 91' lang='lat' dir='ltr'>in</span> <span class='ocrx_word' id='word_1_242' title='bbox 457 3521 623 3570; x_wconf 77' lang='lat' dir='ltr'>exultatione.</span> <span class='ocrx_word' id='word_1_243' title='bbox 636 3518 703 3583; x_wconf 76' lang='lat' dir='ltr'>Psoi.</span> <span class='ocrx_word' id='word_1_244' title='bbox 717 3531 759 3577; x_wconf 82' lang='lat'>99.</span> 
     </span>
    </p>

    <p class='ocr_par' dir='ltr' id='par_1_6' title="bbox 138 3587 1103 3792">
     <span class='ocr_line' id='line_1_34' title="bbox 178 3587 1101 3652; baseline 0.009 -17"><span class='ocrx_word' id='word_1_245' title='bbox 178 3588 237 3636; x_wconf 76' lang='lat' dir='ltr'>llac</span> <span class='ocrx_word' id='word_1_246' title='bbox 251 3592 395 3639; x_wconf 83' lang='lat' dir='ltr'>recordatus</span> <span class='ocrx_word' id='word_1_247' title='bbox 409 3587 480 3650; x_wconf 81' lang='lat' dir='ltr'>sum,</span> <span class='ocrx_word' id='word_1_248' title='bbox 497 3589 523 3639; x_wconf 74' lang='grc' dir='ltr'>δι</span> <span class='ocrx_word' id='word_1_249' title='bbox 544 3589 622 3639; x_wconf 77' lang='lat' dir='ltr'>effudi</span> <span class='ocrx_word' id='word_1_250' title='bbox 640 3589 665 3638; x_wconf 89' lang='lat' dir='ltr'>in</span> <span class='ocrx_word' id='word_1_251' title='bbox 680 3603 720 3636; x_wconf 88' lang='lat' dir='ltr'>me</span> <span class='ocrx_word' id='word_1_252' title='bbox 736 3587 845 3640; x_wconf 85' lang='lat' dir='ltr'>animam</span> <span class='ocrx_word' id='word_1_253' title='bbox 872 3603 953 3639; x_wconf 81' lang='lat' dir='ltr'>incarn</span> <span class='ocrx_word' id='word_1_254' title='bbox 964 3605 971 3636; x_wconf 79' lang='lat' dir='ltr'>t</span> <span class='ocrx_word' id='word_1_255' title='bbox 982 3592 1101 3652; x_wconf 75' lang='lat' dir='ltr'>quonian</span> 
     </span>
     <span class='ocr_line' id='line_1_35' title="bbox 141 3657 1103 3721; baseline 0.008 -17"><span class='ocrx_word' id='word_1_256' title='bbox 141 3661 249 3708; x_wconf 73' lang='lat' dir='ltr'>transibo</span> <span class='ocrx_word' id='word_1_257' title='bbox 261 3663 285 3708; x_wconf 88' lang='lat' dir='ltr'>iu</span> <span class='ocrx_word' id='word_1_258' title='bbox 304 3664 385 3711; x_wconf 89' lang='lat' dir='ltr'>locum</span> <span class='ocrx_word' id='word_1_259' title='bbox 412 3659 568 3708; x_wconf 82' lang='lat' dir='ltr'>tabernaculi</span> <span class='ocrx_word' id='word_1_260' title='bbox 586 3657 760 3716; x_wconf 80' lang='lat' dir='ltr'>rdmiraltilis‚</span> <span class='ocrx_word' id='word_1_261' title='bbox 781 3657 900 3721; x_wconf 83' lang='lat' dir='ltr'>usquead</span> <span class='ocrx_word' id='word_1_262' title='bbox 922 3660 1025 3709; x_wconf 86' lang='lat' dir='ltr'>domum</span> <span class='ocrx_word' id='word_1_263' title='bbox 1040 3660 1103 3714; x_wconf 81' lang='lat' dir='ltr'>Del.</span> 
     </span>
     <span class='ocr_line' id='line_1_36' title="bbox 138 3725 1100 3792; baseline 0 -16"><span class='ocrx_word' id='word_1_264' title='bbox 138 3726 169 3776; x_wconf 91' lang='lat' dir='ltr'>ln</span> <span class='ocrx_word' id='word_1_265' title='bbox 179 3743 240 3778; x_wconf 77' lang='lat' dir='ltr'>unce</span> <span class='ocrx_word' id='word_1_266' title='bbox 254 3726 415 3778; x_wconf 82' lang='lat' dir='ltr'>exultationis</span> <span class='ocrx_word' id='word_1_267' title='bbox 430 3729 455 3776; x_wconf 74' lang='grc' dir='ltr'>δι</span> <span class='ocrx_word' id='word_1_268' title='bbox 465 3727 621 3778; x_wconf 80' lang='lat' dir='ltr'>conseffionir</span> <span class='ocrx_word' id='word_1_269' title='bbox 633 3727 723 3788; x_wconf 84' lang='lat' dir='ltr'>,sonus</span> <span class='ocrx_word' id='word_1_270' title='bbox 737 3731 870 3792; x_wconf 82' lang='lat' dir='ltr'>epulrmir.</span> <span class='ocrx_word' id='word_1_271' title='bbox 883 3725 965 3790; x_wconf 75' lang='lat' dir='ltr'>l’firlm</span> <span class='ocrx_word' id='word_1_272' title='bbox 985 3741 1027 3788; x_wconf 73' lang='lat' dir='ltr'>aa.</span> <span class='ocrx_word' id='word_1_273' title='bbox 1037 3744 1059 3776; x_wconf 88' lang='grc' dir='ltr'>ν.</span> <span class='ocrx_word' id='word_1_274' title='bbox 1076 3745 1100 3792; x_wconf 76' lang='grc' dir='ltr'>ς.</span> 
     </span>
    </p>

    <p class='ocr_par' dir='ltr' id='par_1_7' title="bbox 139 3797 1102 3932">
     <span class='ocr_line' id='line_1_37' title="bbox 174 3797 1101 3864; baseline 0.005 -19"><span class='ocrx_word' id='word_1_275' title='bbox 174 3797 274 3846; x_wconf 73' lang='lat' dir='ltr'>Marmor</span> <span class='ocrx_word' id='word_1_276' title='bbox 288 3797 323 3848; x_wconf 87' lang='lat' dir='ltr'>sui</span> <span class='ocrx_word' id='word_1_277' title='bbox 342 3800 437 3848; x_wconf 79' lang='lat' dir='ltr'>dierunt</span> <span class='ocrx_word' id='word_1_278' title='bbox 451 3799 609 3862; x_wconf 80' lang='lat' dir='ltr'>antiquorum</span> <span class='ocrx_word' id='word_1_279' title='bbox 620 3799 773 3856; x_wconf 69' lang='lat' dir='ltr'>meditatus</span> <span class='ocrx_word' id='word_1_280' title='bbox 790 3797 841 3847; x_wconf 86' lang='lat' dir='ltr'>sum</span> <span class='ocrx_word' id='word_1_281' title='bbox 863 3799 889 3846; x_wconf 91' lang='lat' dir='ltr'>in</span> <span class='ocrx_word' id='word_1_282' title='bbox 903 3800 1019 3851; x_wconf 82' lang='lat' dir='ltr'>omnibus</span> <span class='ocrx_word' id='word_1_283' title='bbox 1035 3813 1101 3864; x_wconf 80' lang='lat' dir='ltr'>ope·</span> 
     </span>
     <span class='ocr_line' id='line_1_38' title="bbox 139 3863 1102 3932; baseline 0.003 -21"><span class='ocrx_word' id='word_1_284' title='bbox 139 3863 208 3913; x_wconf 82' lang='lat' dir='ltr'>ribus</span> <span class='ocrx_word' id='word_1_285' title='bbox 223 3869 290 3916; x_wconf 86' lang='lat' dir='ltr'>mir:</span> <span class='ocrx_word' id='word_1_286' title='bbox 309 3869 334 3916; x_wconf 90' lang='lat' dir='ltr'>in</span> <span class='ocrx_word' id='word_1_287' title='bbox 357 3866 426 3916; x_wconf 70' lang='lat' dir='ltr'>sante</span> <span class='ocrx_word' id='word_1_288' title='bbox 440 3883 556 3917; x_wconf 85' lang='lat' dir='ltr'>manuum</span> <span class='ocrx_word' id='word_1_289' title='bbox 582 3881 677 3918; x_wconf 85' lang='lat' dir='ltr'>tuarum</span> <span class='ocrx_word' id='word_1_290' title='bbox 691 3867 839 3915; x_wconf 80' lang='lat' dir='ltr'>meditabar.</span> <span class='ocrx_word' id='word_1_291' title='bbox 859 3865 952 3925; x_wconf 75' lang='lat' dir='ltr'>Plialm.</span> <span class='ocrx_word' id='word_1_292' title='bbox 969 3883 1023 3926; x_wconf 72' lang='lat' dir='ltr'>rat·</span> <span class='ocrx_word' id='word_1_293' title='bbox 1037 3883 1061 3914; x_wconf 79' lang='grc' dir='ltr'>ν.</span> <span class='ocrx_word' id='word_1_294' title='bbox 1076 3884 1102 3932; x_wconf 84' lang='lat'>5,</span> 
     </span>
    </p>

    <p class='ocr_par' dir='ltr' id='par_1_8' title="bbox 135 3936 1180 4143">
     <span class='ocr_line' id='line_1_39' title="bbox 174 3936 1102 4000; baseline 0.006 -19"><span class='ocrx_word' id='word_1_295' title='bbox 174 3936 276 3997; x_wconf 78' lang='lat' dir='ltr'>Quanta</span> <span class='ocrx_word' id='word_1_296' title='bbox 302 3938 439 3986; x_wconf 84' lang='lat' dir='ltr'>andivimus</span> <span class='ocrx_word' id='word_1_297' title='bbox 459 3936 484 3984; x_wconf 71' lang='grc' dir='ltr'>δι</span> <span class='ocrx_word' id='word_1_298' title='bbox 498 3939 661 4000; x_wconf 80' lang='lat' dir='ltr'>cognovimus</span> <span class='ocrx_word' id='word_1_299' title='bbox 680 3951 708 3984; x_wconf 79' lang='lat' dir='ltr'>ea</span> <span class='ocrx_word' id='word_1_300' title='bbox 723 3951 730 3983; x_wconf 77' lang='lat' dir='ltr'><em>z</em></span> <span class='ocrx_word' id='word_1_301' title='bbox 744 3936 770 3983; x_wconf 80' lang='lat' dir='ltr'>tlt</span> <span class='ocrx_word' id='word_1_302' title='bbox 787 3946 868 4000; x_wconf 83' lang='lat' dir='ltr'>patrer</span> <span class='ocrx_word' id='word_1_303' title='bbox 893 3938 967 3986; x_wconf 75' lang='lat' dir='ltr'>naslei</span> <span class='ocrx_word' id='word_1_304' title='bbox 984 3950 1102 3988; x_wconf 80' lang='lat' dir='ltr'>nrrrave·</span> 
     </span>
     <span class='ocr_line' id='line_1_40' title="bbox 137 4002 1180 4069; baseline 0.009 -17"><span class='ocrx_word' id='word_1_305' title='bbox 137 4017 196 4052; x_wconf 86' lang='lat' dir='ltr'>runt</span> <span class='ocrx_word' id='word_1_306' title='bbox 211 4007 292 4055; x_wconf 84' lang='lat' dir='ltr'>nobis.</span> <span class='ocrx_word' id='word_1_307' title='bbox 314 4008 448 4056; x_wconf 80' lang='lat' dir='ltr'>Narrantcs</span> <span class='ocrx_word' id='word_1_308' title='bbox 467 4007 553 4056; x_wconf 83' lang='lat' dir='ltr'>laudes</span> <span class='ocrx_word' id='word_1_309' title='bbox 570 4006 675 4056; x_wconf 87' lang='lat' dir='ltr'>Domini</span> <span class='ocrx_word' id='word_1_310' title='bbox 687 4004 829 4056; x_wconf 76' lang='lat' dir='ltr'>&amp;virtutes</span> <span class='ocrx_word' id='word_1_311' title='bbox 847 4002 915 4069; x_wconf 83' lang='lat' dir='ltr'>eiua,</span> <span class='ocrx_word' id='word_1_312' title='bbox 935 4008 960 4056; x_wconf 69' lang='grc' dir='ltr'>δι</span> <span class='ocrx_word' id='word_1_313' title='bbox 974 4011 1103 4065; x_wconf 76' lang='lat' dir='ltr'>mirabilia</span> <span class='ocrx_word' id='word_1_314' title='bbox 1177 4002 1180 4007; x_wconf 58' lang='grc'><strong>’</strong></span> 
     </span>
     <span class='ocr_line' id='line_1_41' title="bbox 135 4072 904 4143; baseline 0 -20"><span class='ocrx_word' id='word_1_315' title='bbox 135 4072 190 4132; x_wconf 74' lang='lat' dir='ltr'>ejas</span> <span class='ocrx_word' id='word_1_316' title='bbox 205 4090 256 4136; x_wconf 74' lang='lat' dir='ltr'>qua</span> <span class='ocrx_word' id='word_1_317' title='bbox 275 4076 343 4126; x_wconf 83' lang='lat' dir='ltr'>s:cit.</span> <span class='ocrx_word' id='word_1_318' title='bbox 364 4076 453 4143; x_wconf 75' lang='lat' dir='ltr'>Psulnr·</span> <span class='ocrx_word' id='word_1_319' title='bbox 469 4089 511 4134; x_wconf 87' lang='lat'>77.</span> <span class='ocrx_word' id='word_1_320' title='bbox 532 4092 554 4122; x_wconf 85' lang='grc' dir='ltr'>ν.</span> <span class='ocrx_word' id='word_1_321' title='bbox 569 4088 592 4133; x_wconf 72' lang='lat'>3.</span> <span class='ocrx_word' id='word_1_322' title='bbox 606 4093 630 4131; x_wconf 69' lang='grc'>4.</span> <span class='ocrx_word' id='word_1_323' title='bbox 898 4076 904 4086; x_wconf 88' lang='grc'><strong>“</strong></span> 
     </span>
    </p>

    <p class='ocr_par' dir='ltr' id='par_1_9' title="bbox 136 4140 1102 4280">
     <span class='ocr_line' id='line_1_42' title="bbox 172 4140 1102 4211; baseline 0.008 -20"><span class='ocrx_word' id='word_1_324' title='bbox 172 4146 331 4194; x_wconf 70' lang='lat' dir='ltr'>ltlmneutote</span> <span class='ocrx_word' id='word_1_325' title='bbox 356 4146 508 4196; x_wconf 87' lang='lat' dir='ltr'>mirabilium</span> <span class='ocrx_word' id='word_1_326' title='bbox 526 4145 579 4206; x_wconf 82' lang='lat' dir='ltr'>ejus</span> <span class='ocrx_word' id='word_1_327' title='bbox 605 4160 658 4210; x_wconf 72' lang='lat' dir='ltr'>qua</span> <span class='ocrx_word' id='word_1_328' title='bbox 673 4140 735 4194; x_wconf 87' lang='lat' dir='ltr'>fecit</span> <span class='ocrx_word' id='word_1_329' title='bbox 759 4143 900 4211; x_wconf 79' lang='lat' dir='ltr'>:prodigia</span> <span class='ocrx_word' id='word_1_330' title='bbox 920 4143 995 4208; x_wconf 81' lang='lat' dir='ltr'>ejus,</span> <span class='ocrx_word' id='word_1_331' title='bbox 1017 4147 1041 4198; x_wconf 74' lang='grc' dir='ltr'>δι</span> <span class='ocrx_word' id='word_1_332' title='bbox 1063 4147 1102 4210; x_wconf 87' lang='lat' dir='ltr'>iu·</span> 
     </span>
     <span class='ocr_line' id='line_1_43' title="bbox 136 4213 612 4280; baseline 0.008 -20"><span class='ocrx_word' id='word_1_333' title='bbox 136 4213 204 4260; x_wconf 76' lang='lat' dir='ltr'>«licia</span> <span class='ocrx_word' id='word_1_334' title='bbox 220 4219 267 4264; x_wconf 74' lang='lat' dir='ltr'>oris·</span> <span class='ocrx_word' id='word_1_335' title='bbox 288 4215 348 4272; x_wconf 77' lang='lat' dir='ltr'>rius</span> <span class='ocrx_word' id='word_1_336' title='bbox 366 4214 449 4280; x_wconf 73' lang='lat' dir='ltr'>Pfirlrn</span> <span class='ocrx_word' id='word_1_337' title='bbox 482 4231 538 4276; x_wconf 75' lang='lat'><strong>¹0⁴·</strong></span> <span class='ocrx_word' id='word_1_338' title='bbox 554 4233 576 4263; x_wconf 91' lang='grc' dir='ltr'>ν.</span> <span class='ocrx_word' id='word_1_339' title='bbox 590 4231 612 4274; x_wconf 82' lang='grc' dir='ltr'>ς.</span> 
     </span>
    </p>

    <p class='ocr_par' dir='ltr' id='par_1_10' title="bbox 131 4280 1101 4420">
     <span class='ocr_line' id='line_1_44' title="bbox 171 4280 1101 4352; baseline 0.01 -22"><span class='ocrx_word' id='word_1_340' title='bbox 171 4285 234 4344; x_wconf 71' lang='lat' dir='ltr'>Quis</span> <span class='ocrx_word' id='word_1_341' title='bbox 261 4289 376 4348; x_wconf 64' lang='lat' dir='ltr'>loquetur</span> <span class='ocrx_word' id='word_1_342' title='bbox 393 4288 521 4352; x_wconf 78' lang='lat' dir='ltr'>potentias</span> <span class='ocrx_word' id='word_1_343' title='bbox 541 4285 665 4348; x_wconf 82' lang='lat' dir='ltr'>Domini,</span> <span class='ocrx_word' id='word_1_344' title='bbox 683 4284 781 4335; x_wconf 79' lang='lat' dir='ltr'>auditas</span> <span class='ocrx_word' id='word_1_345' title='bbox 804 4280 881 4335; x_wconf 84' lang='lat' dir='ltr'>saciet</span> <span class='ocrx_word' id='word_1_346' title='bbox 906 4297 994 4337; x_wconf 84' lang='lat' dir='ltr'>ornnes</span> <span class='ocrx_word' id='word_1_347' title='bbox 1014 4288 1101 4341; x_wconf 75' lang='lat' dir='ltr'>laudet</span> 
     </span>
     <span class='ocr_line' id='line_1_45' title="bbox 131 4351 478 4420; baseline 0.012 -16"><span class='ocrx_word' id='word_1_348' title='bbox 131 4351 207 4414; x_wconf 70' lang='lat' dir='ltr'>ejus?</span> <span class='ocrx_word' id='word_1_349' title='bbox 227 4355 319 4420; x_wconf 79' lang='lat' dir='ltr'>Psolrn.</span> <span class='ocrx_word' id='word_1_350' title='bbox 345 4373 400 4420; x_wconf 74' lang='lat'>205.</span> <span class='ocrx_word' id='word_1_351' title='bbox 416 4373 439 4406; x_wconf 89' lang='grc' dir='ltr'>ν.</span> <span class='ocrx_word' id='word_1_352' title='bbox 455 4373 478 4408; x_wconf 76' lang='lat'>⁸.</span> 
     </span>
    </p>
   </div>
   <div class='ocr_carea' id='block_1_5' title="bbox 828 4422 928 4490">
    <p class='ocr_par' dir='ltr' id='par_1_11' title="bbox 828 4422 928 4490">
     <span class='ocr_line' id='line_1_46' title="bbox 828 4422 928 4490; baseline 0.05 -6"><span class='ocrx_word' id='word_1_353' title='bbox 828 4422 865 4486; x_wconf 93' lang='lat' dir='ltr'>li</span> <span class='ocrx_word' id='word_1_354' title='bbox 896 4425 928 4490; x_wconf 77' lang='lat' dir='ltr'>iv</span> 
     </span>
    </p>
   </div>
   <div class='ocr_carea' id='block_1_6' title="bbox 0 0 1282 5040">
    <p class='ocr_par' dir='ltr' id='par_1_12' title="bbox 0 0 1282 5040">
     <span class='ocr_line' id='line_1_47' title="bbox 0 0 1282 5040; baseline 0 3"><span class='ocrx_word' id='word_1_355' title='bbox 0 0 1282 5040; x_wconf 95' lang='lat' dir='ltr'> </span> 
     </span>
    </p>
   </div>
  </div>
 </body>
</html>
