2556 5040
814 454 818 461 ς

181 600 188 626 ¹
282 574 631 646 Hlstontcus
677 576 877 644 Maron.
1023 588 1090 669 '405

127 690 248 777 plebant
260 713 268 752 z
280 691 439 773 Deumque
464 691 494 751 in
510 710 612 754 rnonte
632 690 782 766 Catium,
797 693 845 753 ubi
864 690 1004 772 templum
1020 693 1093 752 aedi·

128 785 274 858 ficdrant,
291 785 448 846 colendum
470 785 689 846 contendebant
704 783 755 868 [c].
773 783 860 866 Apud
874 783 950 867 ipsos
972 784 1093 845 Judaeos

128 879 286 959 languebat
303 878 416 959 religio.
428 876 542 940 induas
554 875 833 953 lenesmontem
846 877 877 938 ar
900 877 1091 950 Sadducaeos,

129 972 337 1032 dividebantur
353 968 409 1054 [Δ]
421 970 461 1030 Ηὶ
474 990 570 1052 neque
583 989 720 1032 mortuos
729 970 898 1032 excitandos
908 1016 917 1045 ,
927 978 1023 1047 neq'ue
1038 970 1092 1030 irn-

129 1065 269 1125 mortales
280 1064 408 1136 animas,
427 1082 482 1125 nec
500 1065 622 1148 angelos
640 1081 690 1126 aut
707 1060 823 1147 spiritus
843 1060 900 1125 elle
913 1063 1092 1137 credebant,

129 1156 230 1218 Deum
253 1155 343 1238 ipsunt
365 1175 545 1239 corporeum
566 1154 719 1239 fingentes.
737 1155 860 1239 impium
879 1155 911 1216 dt
937 1154 1093 1217 absurdunt

126 1269 261 1312 errorent
287 1248 420 1332 plerique
440 1249 615 1313 Sacerdotes
638 1247 789 1332 gentisque
816 1250 964 1331 principes
990 1246 1092 1330 seque-

126 1342 242 1405 bantur.
255 1339 389 1404 Pharisaei
410 1340 506 1403 sanant
528 1342 690 1404 dourinam
712 1342 872 1405 tuebantur
885 1362 892 1400 ε
907 1341 1022 1425 spiritus
1033 1337 1092 1405 elle

126 1437 309 1510 credebant,
329 1453 514 1498 mortuorum
534 1434 798 1509 resurrectionem,
826 1435 979 1517 vitamque
1001 1431 1091 1496 suturi

130 1526 226 1592 saeculi
258 1527 458 1613 expectabant.
487 1526 728 1591 Absolutiffimam
752 1526 824 1611 legis
852 1526 1091 1590 observationem

126 1620 365 1703 profitebantur:
384 1623 535 1702 permultis
558 1621 631 1683 verd
653 1622 797 1703 religione
822 1619 952 1706 indignis
976 1619 1092 1684 adbibi-

130 1714 167 1775 tis
197 1713 469 1797 superstitionibus,
495 1712 659 1797 divinisque
689 1712 764 1796 saepe
794 1711 878 1776 elusis
913 1712 1091 1795 preceptis,

127 1826 159 1870 ut
192 1809 365 1869 traditiones
405 1808 544 1870 humanas
578 1808 818 1869 commendarent
850 1807 865 1889 [
879 1804 925 1887 e].
961 1805 1090 1869 Mariand

128 1899 253 1962 enimin
270 1900 410 1983 populum
428 1900 601 1964 auctoritate
620 1901 776 1976 valebant,
787 1901 853 1962 cum
868 1898 1004 1960 summanr
1019 1899 1088 1960 reli·

127 1993 226 2075 gionis
247 1992 369 2076 speciem
392 1993 498 2080 praese
518 1993 652 2057 ferrent:
672 2012 701 2057 at
722 1995 752 2055 in
768 1991 912 2075 plerisque
932 2012 1013 2053 mera
1029 1992 1088 2071 lry-
1171 2061 1173 2065 7

127 2084 248 2169 pocrisrs
260 2105 341 2160 eran
353 2086 477 2150 avaritid
493 2086 589 2164 intus,
607 2088 699 2152 laudis
711 2086 864 2170 cupidine,
878 2084 1013 2168 vitiisque
1023 2104 1090 2162 otu·¹

125 2179 214 2241 nibus
230 2177 384 2243 scatebant.

160 2328 204 2389 (r)
216 2321 280 2378 lbid.
291 2342 333 2380 20.
359 2326 401 2390 (d)
423 2326 534 2386 alliu.
554 2331 580 2380 6.
615 2330 655 2390 (e)
675 2328 771 2380 blattlr.
789 2323 831 2380 td.
851 2330 876 2381 6,

389 2438 831 2515 ras'rrnronrr.

161 2593 296 2644 Revelatur
310 2592 345 2641 ita
366 2591 417 2642 Dei
434 2591 465 2642 de
485 2591 549 2639 coelo
566 2589 639 2656 snper
652 2591 924 2656 omnemimpietatenr
942 2591 967 2640 dt
993 2592 1089 2654 iniusti·

127 2663 188 2712 tiam
202 2665 331 2711 hominurn
345 2676 450 2722 eorum,
471 2661 514 2725 qui
534 2663 668 2711 veritatem
693 2662 743 2710 Dei
765 2663 791 2710 ln
815 2659 932 2720 injustitia
961 2662 1089 2714 detinent.

127 2729 262 2782 invisibilia
276 2733 345 2780 eninr
359 2733 431 2796 ipsius
446 2730 459 2779 ai
472 2741 586 2782 ereantra
600 2730 687 2779 mundi
700 2744 764 2796 ,per
777 2745 869 2792 eaquae
883 2728 945 2780 sada
959 2728 1014 2781 sunt
1026 2765 1035 2796 ,
1047 2732 1088 2782 in·

127 2802 225 2852 retteeta
238 2837 245 2862 ,
256 2800 444 2866 conspiciuntur
457 2819 465 2849 .-
479 2802 628 2865 setnpiterna
640 2815 737 2863 quoque
750 2798 903 2859 elmuinus,
915 2800 940 2847 δι
955 2800 1088 2852 divinitate

125 2870 161 2920 ita
174 2885 203 2920 ut
216 2871 262 2919 snit
283 2869 472 2920 inexcusabiles.
490 2869 557 2929 Quia
576 2866 632 2919 eden
646 2869 818 2934 cognorili'ent
840 2871 945 2930 Deum,
963 2885 1013 2919 non
1027 2871 1088 2925 ficut

125 2939 211 2992 Deum
233 2941 443 3004 glorificaverunt.
458 2940 566 3005 Propter
578 2942 644 3001 quod
659 2941 761 2989 tradidit
782 2954 824 2988 eor
840 2939 908 2988 Deus
923 2942 948 2989 in
967 2941 1087 2992 desideria

125 3011 208 3059 cordis
222 3023 308 3059 eoturn
322 3011 347 3060 in
368 3009 562 3060 immunditiam.
577 3011 611 3059 Et
624 3010 685 3060 sicut
697 3024 747 3058 nort
762 3008 932 3073 probaverunt
946 3010 1030 3059 Deum
1043 3011 1089 3060 lta·

125 3078 188 3128 bere
201 3079 226 3128 in
238 3082 327 3130 notitia
352 3096 358 3127 ι
375 3080 479 3131 tradidit
489 3080 549 3131 illos
564 3079 634 3130 Deus
656 3081 683 3131 in
705 3079 839 3145 reprobum
853 3077 957 3129 serrium.
984 3081 1049 3128 Rom
1065 3095 1088 3134 ι.

125 3152 167 3200 18.
181 3161 220 3198 to.
233 3161 271 3199 tt.
286 3163 325 3207 ²4
340 3152 382 3198 28.

159 3217 213 3276 Qui
232 3216 411 3283 desperantes,
435 3217 583 3284 semetipsos
597 3213 754 3268 tradiderunt
776 3214 960 3283 impudicitia,
977 3216 1003 3267 iu
1024 3232 1088 3284 ope·

125 3287 250 3334 rationein
264 3288 428 3337 immunditie
441 3289 537 3348 ornuit,
557 3289 582 3336 in
600 3285 737 3335 avaritiam.
748 3284 812 3345 Epir.
828 3301 852 3339 a.
868 3303 906 3350 ¹9·

158 3353 319 3412 Tribuiatio,
333 3355 481 3421 &pupinia
495 3355 520 3403 ln
534 3368 636 3404 ontnern
650 3353 877 3404 animantltotuiais
892 3357 1019 3419 operantis
1031 3369 1088 3405 rna·

126 3421 178 3470 lurn
192 3455 200 3480 ‚
225 3420 418 3488 ludeiprimdtn
431 3455 439 3482 ,
454 3423 480 3471 &
490 3422 581 3473 Greci.
590 3422 663 3472 Rem.
679 3436 702 3468 2.
713 3434 739 3481 9.

160 3490 199 3538 Ver
212 3490 282 3539 vobis
294 3524 302 3551 ,
315 3492 424 3553 Scriba,
448 3491 473 3540 dt
496 3492 610 3543 Pharisaei
623 3493 760 3557 hypocrite
775 3525 785 3553 ,
798 3492 853 3555 quia
881 3492 1006 3544 mundatis
1019 3494 1088 3557 quod

125 3557 219 3608 deforis
231 3559 264 3607 eil
274 3561 362 3610 calicis
373 3561 398 3610 dt
409 3562 564 3629 paropsidis:
580 3563 648 3614 intus
659 3572 743 3610 autern
755 3563 825 3629 pleni
835 3560 892 3612 estis
907 3561 995 3628 rapinit
1003 3562 1028 3611 dt
1037 3563 1087 3613 int·

126 3627 387 3680 nundinarium.
401 3645 476 3685 rt.v.
493 3646 531 3689 ις.

159 3699 233 3746 Stulti
247 3703 253 3745 Ξ
267 3712 349 3750 nonne
361 3700 403 3765 qui
413 3699 475 3751 facit
490 3703 556 3766 quod
574 3699 667 3753 deforis
678 3699 732 3759 eli,
746 3699 880 3760 etiamid,
903 3700 969 3763 quod
988 3700 1088 3755 deintus

126 3767 254 3826 ell,fecit
269 3768 382 3819 clune.
399 3783 529 3830 turano.
578 3795 583 3815 1

158 3837 291 3901 Serpentes
315 3841 442 3902 genimina
461 3843 622 3905 viperarum,
647 3837 776 3904 quomodo
796 3837 897 3905 fugietis
908 3837 921 3888 i
933 3837 1028 3902 iudicio
1041 3853 1088 3909 gp.

125 3906 216 3957 benna
230 3910 239 3956 3
251 3907 334 3963 Matb.
347 3924 370 3960 c.
384 3921 459 3972 am.
475 3923 513 3974 η.

564 4118 657 4215 tegre
