2556 5040
386 657 797 727 EXPOSITIO.
1034 678 1106 743 599·

125 773 245 838 bitione
257 772 387 856 populus
399 773 553 836 universus
566 774 696 855 quodam
706 771 798 833 veluti
814 765 970 832 interdisio
980 768 1102 829 teneba-

134 885 202 940 tur,
218 886 255 928 ne
277 864 448 929 remissionis
459 885 648 949 peccatorum
662 864 753 946 reipsd
770 860 862 946 posset
877 859 934 924 esse
947 863 1101 945 particeps.
1187 921 1191 928 ,

139 957 273 1032 Contra,
286 979 394 1042 corpus
420 959 526 1022 Christi
537 1007 546 1032 ,
559 980 660 1022 veram
679 957 786 1018 scilicet
801 954 922 1016 hostiam
937 1001 947 1028 ‚
966 972 1021 1037 pro
1036 970 1102 1034 pec·

138 1053 210 1114 catis
220 1053 418 1127 immolatam,
432 1049 542 1115 necesse
555 1058 644 1114 erata
661 1049 794 1112 fidelibus
807 1048 974 1110 manducari
985 1095 994 1121 ,
1004 1063 1036 1107 ut
1049 1047 1102 1105 im·

138 1145 248 1227 pletam
271 1146 300 1205 in
326 1165 409 1207 novo
434 1144 609 1209 testamento
634 1161 825 1229 peccatorum
846 1138 1040 1203 remissionem
1061 1155 1101 1199 eo

142 1237 343 1299 manducando
356 1239 562 1322 intelligerent.

188 1329 341 1412 Sanguinis
361 1335 448 1393 eriam
470 1331 518 1394 esu
538 1331 661 1393 Iudaico
681 1329 793 1412 populo
805 1327 997 1390 interdicebat
1008 1324 1102 1396 Deus,

142 1422 224 1501 cujus
245 1444 279 1485 ea
301 1415 508 1505 prohibitionis
533 1423 673 1505 imprimis
698 1421 881 1495 crassatio,
902 1421 974 1500 qubd
986 1419 1103 1501 sanguis
1119 1426 1267 1489 beritum

144 1519 220 1576 nobis
236 1519 358 1595 datusfit
371 1536 400 1577 rte
407 1518 487 1598 super
498 1519 583 1577 astare
598 1521 625 1577 t'n
640 1540 670 1577 eo
682 1518 817 1598 expiemus
826 1537 876 1595 pro
889 1515 1029 1573 animabus
1043 1509 1103 1590 nos·

147 1611 205 1669 tris.
222 1608 353 1683 Contra,
366 1609 507 1672 Servator
531 1608 610 1671 suum
631 1608 700 1670 ided
718 1609 875 1668 bibendum
889 1607 1026 1689 propinat
1042 1601 1104 1664 san·

152 1701 292 1784 guinem,
305 1705 378 1782 qudd
389 1700 539 1784 effimdatut
555 1707 583 1762 in
594 1703 758 1780 remiffionem
772 1721 947 1782 peecatorum.
1120 1727 1246 1782 Mam·
1259 1740 1271 1775 2

194 1793 269 1855 Tanr
279 1796 365 1876 igitur
374 1795 485 1857 verdae
496 1795 612 1858 realiter
624 1796 653 1856 in
663 1794 746 1855 sacris
756 1791 857 1854 mensis
866 1811 984 1854 carnem
996 1787 1104 1851 Christi

149 1882 374 1968 sanguinemque
387 1886 542 1962 sumimus,
566 1888 654 1969 quim
676 1886 747 1947 vere
770 1887 798 1946 in
812 1905 895 1946 novo
908 1883 1019 1945 soedere
1032 1902 1105 1944 con·

147 1977 240 2040 serrur
250 1981 363 2062 gratia,
376 1982 532 2064 expiantur
544 2000 681 2064 peccata,
699 1978 867 2061 Christique
876 1975 1027 2041 Sacrificio
1038 1996 1106 2059 par·

145 2073 306 2153 ticipamus.

195 2164 273 2227 Cum
292 2185 388 2227 tamen
403 2165 434 2227 &
453 2165 539 2229 fidem
559 2186 699 2229 exercere
714 2163 843 2227 nostram
858 2165 964 2237 vellet,
981 2161 1011 2223 u·
1025 2159 1108 2223 simui

151 2254 268 2332 facete,
282 2279 319 2320 ne
329 2261 345 2321 a
356 2258 412 2321 suae
425 2265 521 2323 carnis
529 2259 592 2322 escd
603 2258 804 2342 sanguinisque
817 2261 940 2340 potione
953 2256 1109 2316 abhorrea-

152 2370 230 2425 mus,
244 2350 264 2411 st
277 2352 397 2434 proprii
409 2352 503 2435 specie
515 2352 652 2415 sumenda
667 2349 772 2424 effent3
785 2373 819 2413 ea
837 2352 921 2411 nobis
936 2349 1029 2412 alieni
1046 2347 1060 2407 s
1058 2368 1110 2429 pe-

151 2443 196 2502 cie
206 2443 351 2525 involuta⁸
367 2446 492 2524 praeberi
502 2465 618 2526 aequum
640 2463 712 2506 erar.
726 2443 845 2523 Quibus
859 2443 1021 2505 rationibus
1038 2440 1111 2501 sreb

152 2532 283 2596 Christus
294 2534 433 2597 addudus
444 2535 543 2611 est,ut
561 2535 668 2598 nosirae
687 2537 773 2598 nobis
783 2555 900 2597 carnem
912 2534 1034 2607 hostiae,
1051 2536 1113 2595 alio

152 2628 240 2707 quim
262 2628 371 2690 Judaeis
389 2618 736 2703 mod0,‘comedendam
755 2629 851 2702 daret,
873 2648 933 2689 non
954 2626 1113 2709 proptered

154 2720 255 2781 debuit
266 2722 302 2783 de
315 2722 439 2783 veritate
452 2722 608 2804 quidquam
626 2739 675 2783 aur
686 2719 837 2783 substantii
850 2722 1012 2783 detrahere.

202 2812 284 2874 Patet
296 2814 384 2896 igitur
394 2812 540 2877 Christum
552 2861 560 2890 ‚
572 2813 634 2896 qud
646 2833 762 2876 veteres
771 2815 904 2897 implerer
914 2812 1038 2895 figuras,
1051 2807 1116 2871 nos·

155 2925 213 2988 que
227 2907 258 2967 in
273 2925 373 2968 veram
385 2909 493 2970 oblatae
511 2927 568 2993 pto
579 2925 700 2990 peccato
713 2906 814 2968 nosiro
825 2906 951 2967 vidimae
968 2902 1115 2987 poffeffio·

155 3019 222 3060 nem
240 3001 406 3074 induceret,
431 2998 510 3063 suum
531 3002 616 3062 nobis
632 2999 723 3083 reipsa
735 3019 843 3081 corpus
854 2996 990 3081 suumque
1004 2996 1116 3078 sangui·

157 3111 224 3153 nem
248 3092 317 3155 dare
330 3091 469 3155 voluisse:
485 3095 564 3175 quod
577 3093 652 3156 adeo
677 3091 873 3165 manifestum,
893 3111 925 3154 ut
947 3090 1116 3152 Adversarii

155 3205 275 3266 quoque
290 3185 436 3249 nobiscum
462 3187 492 3247 in
515 3206 553 3248 eo
572 3186 675 3249 sentire
690 3187 782 3247 videri
801 3188 909 3259 velint,
930 3184 996 3246 cunt
1013 3184 1041 3244 iti
1060 3203 1116 3244 no·

154 3278 198 3338 bis
221 3280 356 3359 ingerere
374 3299 435 3340 non
457 3277 601 3351 desinant,
619 3280 780 3362 sequidem
798 3298 858 3339 non
885 3297 992 3358 negare
1011 3277 1041 3336 in
1056 3277 1116 3336 Eu·
1132 3353 1137 3361 ·

155 3370 288 3431 cbaristid
299 3373 433 3454 corporis
451 3372 481 3431 dr
494 3371 638 3454 sanguinis
650 3370 756 3433 Christi
765 3372 920 3432 veritatem
932 3417 941 3443 ,
953 3387 1001 3429 aur
1012 3366 1118 3430 utrius·

158 3481 214 3542 que
225 3484 324 3525 verant
337 3465 642 3526 communicationem.
663 3463 693 3524 ld
712 3462 803 3534 vero,
818 3482 879 3544 quo
904 3461 984 3524 sensu
1003 3464 1117 3537 dicant,

158 3554 257 3636 posted
278 3557 497 3639 expendemus;
524 3578 628 3619 eorum
642 3559 720 3618 enim
749 3557 853 3638 piacita
871 3556 935 3637 post
957 3555 1118 3637 expositam

160 3646 295 3710 Ecclestae
314 3649 472 3712 dodrinam
486 3650 656 3734 explicanda
670 3666 811 3731 putamus.
833 3648 953 3709 Interim
974 3647 995 3708 st
1012 3649 1119 3709 verbo·

160 3762 224 3802 rum
245 3740 371 3816 Christi,
388 3746 451 3807 Hoc
468 3746 501 3825 css
517 3764 720 3825 corpusmcrrm‚
736 3759 814 3802 tanta
833 3740 1055 3823 simplicitasvei
1073 3741 1120 3823 ip·

161 3832 206 3895 sos
234 3835 412 3907 adduxit‚ut
437 3835 619 3909 faterentur,
634 3835 823 3896 Servatorem
843 3832 1066 3907 nosirum‚cirm
1085 3821 1144 3894 ea*

137 3929 252 3987 .verba
274 3929 413 4009 protulit,
432 3930 459 3987 id
479 3930 509 3988 in
531 3947 628 3989 mente
642 3925 783 4001 habuisse,
795 3944 827 3989 ut
844 3926 922 3987 suam
945 3927 1031 3986 nobis
1055 3946 1121 3987 car·

159 4037 226 4078 nem
247 4021 318 4082 vere
336 4040 369 4080 ac
388 4019 634 4103 reipsdtraderet3
654 4021 752 4082 mirari
773 4018 908 4102 profesio
921 4040 982 4080 non
994 4018 1124 4094 debent,

160 4110 238 4189 quod
255 4131 292 4173 eo
316 4113 465 4175 intellecto
485 4112 592 4174 Christi
611 4111 749 4187 consilio,
779 4113 814 4173 ad
836 4114 993 4174 veritatem
1012 4111 1124 4194 ipsam,

159 4223 220 4264 non
234 4221 329 4266 autem
339 4206 374 4266 ad
389 4206 526 4287 figuram,
541 4223 590 4267 aut
603 4225 706 4288 tropos
725 4205 824 4266 omnia
837 4203 1008 4266 reseramus

208 4297 284 4358 Cum
304 4300 382 4358 enim
400 4297 611 4359 Christusaliis
623 4316 682 4359 tam
699 4299 822 4379 diligens
834 4301 864 4358 in
879 4299 913 4358 iis
923 4297 1125 4377 exponendis,

162 4408 227 4472 quae
242 4391 387 4469 parabolis
404 4391 434 4451 δι
459 4390 559 4472 figuris
571 4393 705 4452 involuta
714 4387 856 4452 docuisset
869 4437 877 4463 ,
890 4391 960 4451 nihii
975 4391 1021 4451 bic
1036 4391 1127 4472 expii·

164 4482 265 4546 candae
276 4484 385 4547 mentis
397 4482 481 4549 causa
494 4484 599 4551 dixerit
611 4529 622 4562 ,
632 4484 736 4550 nativo
745 4481 837 4570 ipsum
849 4480 939 4548 sensui
958 4484 1049 4546 verba
1055 4484 1128 4567 reli:

883 4574 931 4662 Pp
955 4575 988 4654 iu
