2556 5040
384 645 796 712 stt-iosiato.
1027 648 1097 729 ιι,-

138 759 179 824 lis
193 757 407 845 Apuslolorum
426 760 607 839 temporibus
624 777 692 821 otta
704 761 740 822 de
759 758 901 841 legalibus
910 758 1095 820 ceremoniis

141 855 311 935 disceptatio
324 876 330 914 :
342 853 457 935 quaque
472 855 587 914 ratione
609 854 701 934 ptinta
711 854 759 914 illa
767 853 1097 934 direniptacuntrovet·¹

141 946 180 1008 sia
193 946 256 1018 esl,
278 968 315 1008 eit
326 946 361 1007 ed
374 947 403 1006 iri
418 943 536 1007 Adibus
554 942 765 1027 Apostolorum
780 946 886 1018 relata,
899 944 957 1026 qud
967 942 1095 1006 annoti-

142 1055 200 1100 iate
225 1056 457 1102 coeteraeomoes
473 1036 609 1100 finienda
632 1035 704 1111 sint,
729 1036 906 1119 insequentia
923 1039 1022 1099 omnia
1038 1033 1093 1096 sati·

140 1132 206 1192 cula
226 1132 362 1195 didicere.
386 1132 486 1212 ltaque
505 1130 645 1211 quamdiit
671 1131 747 1193 inter
772 1129 954 1192 (brislianos
974 1130 1009 1190 de
1034 1126 1094 1189 fide

143 1223 325 1304 quaestiones
340 1221 569 1287 acdislenilones
580 1221 720 1295 etilleni,
736 1221 813 1285 suani
832 1221 954 1284 Ecclesia
965 1219 1093 1284 eudoci-

142 1333 231 1378 tatem
245 1317 413 1400 interponet
424 1337 433 1390 ;
445 1317 602 1396 dicentque
623 1318 795 1398 congregati
814 1314 947 1377 Paslores
963 1312 1093 1396 Apollo·

140 1409 188 1469 los
211 1407 299 1471 secuti
316 1431 323 1468 :
349 1412 439 1489 Vssicttt
456 1411 489 1491 ‘st
509 1411 620 1491 Spt'tt‘tttt‘
637 1409 770 1490 sanilo&
791 1411 875 1470 nobit.
897 1406 974 1469 Cltin
994 1427 1092 1470 autent
1109 1419 1210 1482 delas.
1226 1422 1268 1472 stt

140 1498 233 1563 sanda
248 1518 340 1563 mater
349 1500 474 1564 Ecclesia
495 1502 749 1583 pronuntiaverit,
765 1501 949 1563 docebuntur
967 1502 1094 1584 populi,

141 1611 206 1655 non
215 1591 272 1656 esse
285 1593 390 1656 iteriini
400 1594 592 1667 excutienda,
614 1614 680 1675 quae
692 1593 784 1656 decisa
796 1610 899 1667 erunt,
914 1592 962 1655 sed
983 1592 1092 1656 summi

142 1686 231 1747 animi
245 1684 412 1751 demissione
431 1684 603 1768 suscipienda
615 1685 692 1749 sacta
701 1684 842 1768 responsa.
857 1688 890 1747 ln
898 1705 961 1768 quo
970 1684 1048 1748 Pauli
1059 1685 1092 1748 dt

140 1778 208 1839 Silae
227 1778 377 1860 sequemur
396 1781 642 1862 exemplum,qtii
654 1780 720 1842 cittii
738 1780 861 1861 ptiniuni
880 1778 948 1840 illud
964 1776 1092 1861 Apollo·

140 1871 237 1933 lotum
252 1872 392 1953 judicium
408 1874 442 1935 tid
456 1871 730 1944 fidelesdeserrent,
748 1872 824 1936 adest
840 1891 886 1935 tes
903 1869 1036 1934 delinitas
1053 1870 1091 1934 ad

141 1983 254 2026 novum
270 1984 392 2029 examen
406 1984 548 2028 revocate
561 1984 623 2026 non
637 1963 788 2040 sinebant,
802 1984 831 2026 ιιι
848 1966 1028 2047 pertrtnstrent
1049 1967 1089 2025 ci·
1105 1989 1159 2043 Ap,
1173 1992 1210 2046 ὦ,
1218 2001 1247 2052 4

139 2059 259 2132 vitatas,
278 2062 408 2119 tradentes
424 2061 462 2119 eis
480 2059 604 2140 custodire
622 2062 748 2142 dogmata
764 2077 921 2138 ,quaterent
940 2061 1042 2120 decreta
1055 2059 1091 2119 ab

139 2153 284 2232 Apostolit.

183 2246 232 2304 Sic
246 2242 378 2306 Ecclesia
389 2243 498 2323 judicio
517 2242 690 2317 Christiani,
703 2243 855 2325 Evangelii
873 2261 1021 2307 memores
1033 2265 1093 2310 ac·

139 2425 262 2506 ponsuni
282 2425 443 2510 accepisse,
459 2426 576 2508 ejusque
592 2427 662 2490 fidei
677 2431 764 2491 causd
783 2428 934 2512 poslquam
957 2431 986 2491 in
1002 2431 1091 2510 Syrti·

140 2518 214 2578 bolo
228 2520 368 2581 diximus:
382 2521 499 2581 Credot'ii
511 2523 640 2602 Spiritum
641 2521 758 2601 fiendum
768 2568 777 2594 ‚
786 2520 878 2582 {latim
892 2523 1092 2603 adjungimus,

130 2611 251 2690 sanctam
265 2613 408 2692 Ecclrſsottt
424 2613 588 2672 catholicam
599 2636 606 2672 ι
617 2614 673 2695 qud
686 2615 778 2676 veluti
794 2614 859 2695 lege
872 2633 926 2676 nos
936 2613 1091 2698 adstringi·

140 2721 261 2778 mus,ttt
270 2702 449 2766 infallibilem
461 2705 492 2765 in
506 2703 629 2767 Ecclesia
638 2706 774 2767 universa
788 2704 976 2787 agnoscamus
987 2727 1090 2790 perpe-

141 2811 281 2878 tuamque
303 2797 477 2870 veritatem;
501 2797 619 2878 quando
642 2799 691 2859 illa
714 2796 772 2880 ipsa
794 2796 938 2870 Ecclesia,
967 2801 1091 2881 quaein

139 2887 286 2968 Symbolo
320 2891 407 2952 nobis
433 2891 515 2952 nullo
539 2910 601 2952 nori
637 2908 770 2973 tempore
800 2891 944 2954 credenda
976 2912 1090 2976 propo·

140 2984 242 3054 nitur,
261 2980 385 3044 Ecclesia
407 2981 552 3044 desineret
574 2980 650 3056 esse,
673 2982 866 3049 iirevelatani
883 2983 900 3045 a
918 2983 988 3047 Deo
1008 2986 1090 3048 veti·

139 3090 229 3134 tatem
254 3075 361 3136 docete
386 3073 535 3138 desineret.
558 3076 660 3158 ltaque
684 3078 733 3157 qui
759 3094 924 3149 vetenttit,
959 3097 997 3138 ne
1020 3078 1088 3162 pos·

139 3164 243 3228 testate
261 3163 308 3228 sua
320 3168 356 3230 ad
371 3168 565 3232 inducendum
590 3170 770 3231 mendacium
787 3171 834 3231 illa
852 3173 1010 3245 abutatur,
1038 3171 1090 3235 vel

138 3261 223 3321 edre
242 3258 402 3335 testantur,
434 3259 462 3323 se
484 3262 514 3323 iu
538 3282 632 3337 eum,
667 3261 685 3323 a
713 3282 775 3344 quo
793 3263 903 3344 tegitur
928 3281 990 3326 uon
1022 3262 1090 3328 satis

138 3353 266 3412 credere.

184 3442 271 3524 Quin
283 3441 334 3505 etsi
348 3442 527 3507 Adversariis
538 3446 730 3509 concedamus
743 3494 753 3523 ,
765 3465 797 3509 ut
810 3449 868 3511 lioc
880 3450 1009 3510 humano
1024 3469 1087 3512 ma·

140 3535 184 3618 gis
199 3555 281 3597 more
293 3535 496 3611 considerent,
509 3537 592 3600 sateti
609 3556 753 3622 cogentur
774 3541 884 3603 tantiim
905 3538 1022 3603 abfuisse
1032 3587 1042 3615 ,
1054 3561 1089 3606 ut

138 3630 216 3709 quod
233 3627 421 3703 accusarunt,
443 3630 567 3692 Ecclesia
581 3630 734 3694 Catliolica
755 3631 821 3695 fidei
836 3631 893 3695 suat
908 3636 1045 3697 arbitram
1057 3634 1086 3700 so

137 3720 322 3782 constituerit
334 3767 343 3796 ‚
358 3741 390 3784 ut
401 3724 506 3785 contri
517 3721 544 3784 se
555 3722 641 3807 ipsam
651 3726 792 3798 vinculis,
803 3727 907 3808 quibus
918 3729 1087 3808 potuitom·

138 3813 222 3873 nibus
237 3812 438 3890 adstrinxerit,
452 3816 609 3897 omnesque
630 3819 792 3879 innovandi
808 3817 984 3900 praecluserit
1000 3821 1085 3881 vias.-

136 3905 202 3967 clim
216 3926 277 3967 non
289 3907 378 3968 modo
392 3906 479 3970 saerae
492 3907 519 3971 se
534 3909 690 3992 Scriptutae
706 3907 834 3989 subjiciat
847 3932 856 3985 ς
868 3909 914 3972 sed
928 3910 989 3994 qud
1006 3914 1084 3975 arbi·

138 4000 241 4058 irarias
254 4000 283 4060 iii
299 3998 502 4079 sempiternum
514 4002 771 4083 interpretationes
783 4004 967 4075 excluderet,
980 4008 1084 4084 quibus

135 4089 286 4153 hominum
299 4094 418 4153 inventa
427 4114 481 4176 pro
491 4096 637 4177 §criptura
646 4096 849 4168 venditantur,
863 4098 928 4177 lege
940 4097 1014 4159 dieta
1024 4096 1084 4181 spo

133 4185 290 4263 penderit,
304 4187 333 4244 in
347 4188 432 4247 rebus
444 4186 478 4246 ad
492 4184 577 4248 stilum
591 4184 743 4268 nioresmic
756 4186 946 4269 ipeuannuus
959 4193 1082 4253 eandem
1099 4214 1181 4268 conc.
1194 4216 1268 4272 Trid.

133 4277 310 4356 scripturam
320 4280 336 4337 a
347 4276 372 4339 se
384 4281 599 4358 intelligendam
615 4279 695 4356 juxta
709 4277 871 4364 sanderum
883 4281 996 4344 Pattum
1008 4303 1081 4345 con·
1099 4285 1158 4337 §etz
1171 4300 1197 4346 tt·

132 4367 241 4427 setilinn
256 4369 287 4428 :ai
304 4389 365 4449 quo
383 4369 410 4431 se
430 4392 574 4452 nunquam
591 4368 761 4434 recessuram
779 4372 934 4455 profitetur
948 4395 955 4432 t
970 4374 1083 4456 ptotes·

132 4477 267 4544 ratuinus
289 4463 422 4527 omnibus
435 4482 496 4529 tum
516 4464 676 4541 conciliis,
697 4482 759 4529 tuat
778 4463 847 4533 fidei
859 4463 1084 4553 ptoseffionibus
