2556 5040
253 854 359 941 LE
391 854 429 941 C
463 854 504 940 T
536 855 560 939 Ι
591 856 630 938 Ο
698 854 740 935 X
771 854 869 938 LI.

174 1030 233 1100 De
254 1027 376 1123 Christi
404 1031 653 1126 Rcfitrreclione
679 1025 947 1124 &Ascenfione

81 1202 300 1375 Silanianum
312 1223 407 1271 totum
415 1205 587 1290 insepulcro
595 1224 711 1291 quievit
724 1205 871 1270 Christus.
884 1204 1047 1274 Dominicd

147 1299 193 1362 die
223 1320 290 1385 quae
309 1302 396 1364 tertia
411 1300 489 1363 ab
463 1320 528 1380 ejus
547 1321 642 1362 morte
657 1299 725 1374 fuit,
739 1321 808 1363 ante
822 1317 921 1364 ortum
934 1299 1048 1379 solem,
1150 1375 1153 1384 Ι

79 1412 203 1477 magnus
213 1410 301 1457 terrae
313 1411 412 1457 motus
424 1392 515 1456 fabius
525 1393 566 1455 est
574 1394 765 1477 ,summique
783 1394 879 1477 glorid
891 1393 971 1458 lesus
983 1394 1047 1458 sur·

81 1488 157 1548 rexit
169 1485 221 1570 [e].
229 1483 361 1569 Angelus
370 1487 448 1550 enim
461 1508 479 1549 e
491 1489 571 1549 coelo
581 1489 617 1549 de
619 1486 758 1550 scendens
771 1487 832 1572 [b]‚
846 1489 969 1572 lapidem
981 1509 1045 1570 quo

81 1577 243 1661 sepulcrum
263 1580 478 1655 claudebatur,
495 1582 649 1657 removit,
670 1582 756 1663 eique
783 1581 906 1657 insedit,
928 1579 1047 1663 aspedu

81 1670 241 1756 fulgureo,
263 1674 358 1736 niveis
380 1672 515 1736 vestibus.
537 1672 649 1736 Territi
672 1673 806 1737 cuiiodes
825 1676 1043 1758 exanimatique

79 1765 246 1844 jacuerunt:
260 1783 289 1829 at
301 1766 405 1830 saneta
418 1769 571 1840 mulieres,
584 1788 650 1850 quae
663 1769 698 1828 ad
712 1787 820 1851 corpus
840 1768 946 1830 iterum
966 1787 1043 1831 con·

79 1860 217 1922 diendum
227 1862 421 1936 accedebant,
434 1861 818 1944 admodumobtiupuerunt
827 1907 837 1937 ,
846 1861 912 1924 ciem
921 1860 951 1922 u
961 1868 1047 1944 aperi

77 1968 139 2015 turn
153 1951 315 2036 sepulcrum
327 1956 482 2031 viderunt,
494 1954 685 2038 &Angelum
700 1955 861 2017 dicentem:
873 1957 962 2036 lesum
971 1961 1048 2035 qua-¹

78 2049 141 2106 ritis
152 2048 310 2127 crucifixum
321 2069 329 2108 t
339 2048 475 2130 surrexit,
485 2072 537 2112 non
551 2051 644 2134 esliic.
660 2050 714 2123 Ite,
726 2051 806 2109 dicite
820 2049 977 2132 Discipulis
987 2045 1047 2128 ejus
1164 2062 1166 2066 '

78 2142 107 2200 ὑ
117 2142 211 2215 Petro,
223 2160 254 2203 ur
263 2160 325 2202 eene
335 2145 364 2203 in
379 2142 539 2204 Geiilaeern:
553 2145 591 2204 ibi
601 2145 948 2223 eunuidebitisstcutdixie
958 2144 1048 2206 uobis.

78 2233 238 2296 Mulierum
252 2237 451 2299 narrationem
464 2237 550 2319 parvi
567 2237 732 2320 penderunt
742 2234 895 2320 Apostoli:
907 2255 962 2298 nec
975 2237 1048 2300 ante

79 2325 228 2390 Christum
249 2325 399 2392 surrexille
411 2329 619 2404 crediderunt,
632 2330 719 2413 quim
737 2327 790 2414 ipsi
807 2327 960 2404 vidisent,
972 2349 1050 2407 con-¹

75 2417 396 2495 trediaffentmanibus,
407 2421 528 2484 allocuti
537 2418 643 2495 essent,
653 2422 752 2484 cibum
763 2419 972 2507 undcepill'ent
982 2420 1045 2508 (e)

78 2513 135 2575 His
147 2533 200 2595 per
210 2513 471 2595 quadragintadies
482 2510 586 2595 saepiirs
595 2514 685 2576 variis
697 2515 771 2576 locis
780 2515 936 2598 apparui13
951 2513 982 2576 dc
993 2516 1047 2578 ali·

77 2607 200 2690 quando
213 2609 277 2689 plus
288 2606 454 2689 quingentis
465 2603 547 2668 simul
560 2604 630 2689 [d].
640 2604 731 2668 Petro
753 2604 780 2669 se
795 2606 939 2689 imprimis
961 2608 1048 2670 exhi·

78 2701 143 2762 buit
156 2722 166 2774 3
183 2700 213 2760 dr
226 2701 385 2781 aliquando
397 2696 575 2762 adstantibus
584 2700 649 2762 aliis
659 2700 811 2762 nonnullis
820 2697 971 2783 Apostolis
980 2746 989 2775 ,
998 2717 1048 2763 ter

77 2794 291 2877 interrogavit:
307 2793 552 2872 Petre,anesne?
564 2790 787 2876 Juffitqueoves
797 2790 859 2856 suas
869 2790 985 2878 pascere
996 2791 1049 2877 [el.

79 2887 174 2950 Multa
185 2909 239 2971 per
250 2887 279 2948 id
288 2907 379 2951 omne
391 2905 505 2971 tempus
521 2887 657 2949 mandata
671 2885 831 2970 Discipulis
841 2887 940 2961 dedit,
962 2902 1048 2949 mend

80 2995 198 3065 temque
208 2982 322 3064 aperuit
335 2981 531 3065 intelligendis
547 2979 714 3064 Scripturis.
730 2981 790 3043 Eos
808 2979 935 3043 afflando
953 2980 1045 3042 dixit:
1129 3026 1131 3031 ,

78 3078 203 3157 Accipite
211 3077 338 3156 Spiritum
341 3074 476 3156 sentium:
490 3097 599 3156 quorum
607 3075 756 3157 remiseritis
762 3094 893 3157 peecata:
906 3077 1046 3136 remittun-

80 3188 123 3228 tur
131 3172 188 3244 eis;
200 3171 342 3250 &quorun
348 3171 523 3242 retinueritis,
532 3187 630 3229 retente
632 3168 699 3250 sunt
708 3167 764 3252 [fl.
777 3169 813 3231 Et
823 3168 946 3231 iterum:
963 3173 1047 3231 Data

79 3264 112 3342 ‘st
120 3264 277 3324 nibinrnnis
286 3265 401 3346 potestas
411 3266 439 3323 in
450 3263 514 3323 coelo
523 3263 550 3323 ὁ·
559 3264 587 3321 in
602 3280 673 3322 terra
688 3260 743 3346 [ς]
755 3264 862 3323 Euntes
877 3264 907 3321 in
920 3265 1048 3322 mundum

79 3355 246 3436 universum,
264 3359 408 3440 predicate
427 3355 625 3438 beangelirtrn:
642 3374 703 3416 non
730 3353 840 3416 Judaeis
859 3353 975 3427 modu,
996 3352 1046 3415 sed

81 3446 270 3511 Samaritanis
287 3450 317 3511 δι
329 3447 485 3511 Gentibus.
505 3451 610 3509 Docere
628 3470 716 3508 omnes
740 3448 858 3521 Gentes,
877 3450 1045 3530 baptizantes

80 3563 126 3601 eos
136 3542 270 3603 innomine
276 3545 388 3618 Patris,
398 3544 513 3616 offitii,
522 3544 549 3605 ὁ
557 3543 677 3623 Spirittis
689 3545 781 3603 Snnlit'
788 3564 797 3600 .·
808 3544 930 3602 docentes
936 3541 1046 3620 seruare

79 3637 453 3720 omniaquaecrtrnquepraecepi
466 3638 553 3698 vobis.
564 3637 622 3714 Qui
635 3637 773 3695 crediderit
785 3633 1046 3717 &baptizandae-

80 3731 116 3789 rit
125 3775 134 3803 ,
141 3729 240 3810 fielvus
251 3733 314 3790 erit:
325 3732 372 3810 qtti
387 3753 439 3791 non
450 3732 602 3805 crediderit,
615 3731 837 3790 condemnabitur.
854 3732 911 3807 Qui
930 3730 1046 3786 credide·

79 3823 150 3897 rint,
163 3822 495 3906 onniafignafacient,&
512 3845 560 3905 ego
574 3823 708 3902 vobiscum
714 3823 775 3903 sun
787 3822 916 3902 usquead
927 3821 1046 3900 consum·

79 3916 325 3997 narianensoeculi.
333 3914 472 4000 Denique
484 3913 560 3996 judit
572 3915 791 3996 Hierosolymis
800 3934 920 3977 manere
929 3962 938 3986 ,
947 3916 1046 3979 donec

78 4008 270 4071 induerentur
290 4009 402 4072 virtute
420 4029 457 4072 ex
474 4009 554 4071 alto:
569 4008 655 4070 brevi
680 4005 834 4071 affuturam
855 4007 1047 4071 confirmans.

79 4100 263 4165 Postremum
273 4103 304 4163 in
312 4121 411 4166 monte
423 4102 537 4165 Oliveti
548 4102 752 4186 eisapparuit,
767 4102 865 4184 ibique
878 4105 1046 4164 collocutus

112 4308 159 4365 (a)
174 4304 266 4356 Metili.
279 4318 299 4353 c.
318 4304 356 4351 28.
391 4302 434 4362 (b)
449 4301 530 4350 Marc.
540 4317 562 4350 e.
577 4305 615 4350 ¹6.
626 4301 701 4349 Jonn.
714 4316 736 4347 e.
752 4317 790 4349 ro.
802 4302 841 4360 (e)
854 4300 908 4349 nil.
922 4317 941 4350 e.
954 4319 974 4350 r.
986 4319 1008 4351 v.
1021 4313 1047 4361 ς.

109 4374 151 4433 (d)
166 4394 187 4425 ι.
201 4379 258 4424 Cor.
275 4388 347 4433 ως.
364 4375 416 4421 ν.6.
429 4366 549 4433 (dionis.
560 4388 581 4419 e.
595 4388 634 4420 er.
648 4388 670 4419 v.
686 4386 724 4431 ις.
740 4371 791 4434 (D
802 4366 873 4419 inari.
886 4387 907 4416 e.
922 4385 962 4420 υ.
973 4384 1047 4439 me,
1081 4370 1085 4377 ⁴

102 4449 145 4513 (Β)
168 4447 246 4500 Matr.
259 4461 282 4498 s.
299 4446 338 4498 18.
360 4459 384 4500 ν,
399 4443 437 4494 ι8.
453 4440 534 4495 Mars.
546 4457 568 4496 c.
583 4443 623 4497 td.
641 4456 665 4496 ν.
686 4444 725 4492 16.
738 4439 792 4495 elil.
804 4460 825 4496 e.
841 4455 862 4496 r.
880 4457 903 4493 ν.
916 4442 943 4503 8,
