2556 5040
283 478 638 584 trrsrortrcus¹
677 508 876 583 maron·
1024 523 1098 608 ‘rm

130 632 216 719 eujus
232 634 403 711 consonio,
422 652 530 720 prater
548 629 724 698 necellarios
739 632 834 710 casus,
855 630 1030 698 Christianis
1043 656 1100 704 cr·¹

135 729 266 793 vendum
283 727 324 792 est
336 725 392 815 (a).
416 728 456 791 llt
469 727 492 790 si
507 745 719 802 convertatur,
739 729 847 813 patebit
861 728 889 790 ei
913 729 1096 811 poenitentia·

136 825 210 886 Sunt
219 833 353 904 peccata,
365 824 537 905 quibusnon
551 821 593 886 eli
606 818 794 886 ncceffarium
803 824 985 905 poenitentia
995 822 1099 886 Sacra·

135 932 289 991 mentum;
302 916 408 999 nempe
423 915 566 992 venula,
577 936 613 979 ex
625 916 849 999 ignorantiaaut
860 914 1032 978 infirmitate
1044 927 1101 979 rc·⁸

135 1009 268 1083 aientia,
286 1029 351 1091 quae
366 1011 415 1072 vel
427 1007 492 1090 julli
503 1011 672 1074 caverevix
681 1005 815 1093 poliunt:
829 1010 925 1093 qualia
938 1008 1099 1092 plusculum

136 1102 198 1165 cibi
213 1101 357 1185 potusve,
371 1104 462 1165 verba
474 1104 604 1179 nrmida,
622 1107 753 1178 acerba,
767 1104 971 1177 iracundiora,
992 1104 1101 1167 breve·

136 1193 172 1256 in
184 1197 321 1258 oratione
331 1195 597 1271 mentisercursus,
608 1197 706 1280 exigui
718 1195 829 1278 jaddura
840 1198 1002 1280 temporis,
1013 1195 1045 1258 dr
1061 1194 1100 1259 sr-

138 1290 222 1351 miles
233 1291 327 1373 culpae
342 1288 396 1374 (h).
415 1289 488 1352 Aliis
505 1291 562 1352 illae
579 1290 713 1353 remediis
735 1291 848 1375 expiari
867 1287 983 1374 pollunt
1001 1312 1008 1350 :
1028 1306 1100 1352 ora·

138 1381 241 1458 tione,
256 1383 462 1462 eleemosynd,
474 1383 594 1465 reliquis
602 1385 740 1466 operibus
750 1385 813 1468 piis.
835 1383 876 1446 Ea
895 1400 992 1445 tamen
1005 1380 1103 1447 confi·

138 1476 194 1538 teri
204 1473 396 1551 utilillimum3
415 1493 476 1538 tum
493 1475 529 1538 ad
543 1476 714 1541 humilitatis
736 1478 950 1540 incrementum
962 1522 973 1552 ,
984 1493 1047 1539 tum
1062 1475 1103 1540 ad

140 1570 252 1631 monita
266 1569 369 1651 quibus
381 1567 517 1632 sanentur
525 1569 677 1633 audienda.
686 1569 748 1633 Usu
765 1571 794 1631 id
807 1571 837 1632 in
855 1566 983 1633 Ecclelia
999 1589 1103 1655 recep-

141 1678 203 1723 tum
217 1685 224 1722 :
238 1663 365 1744 indeque
375 1662 688 1746 frequentiiunostris,
699 1683 785 1746 quam
797 1661 1104 1747 priscistemporibitr,

141 1756 326 1837 poenitentiae
341 1757 569 1819 Sacramentum.
582 1756 732 1838 Quamvis
746 1775 843 1821 autem
858 1756 987 1820 venialia
1006 1755 1104 1820 confr·

142 1850 198 1911 reri
213 1867 331 1932 peccata
353 1848 466 1912 necelle
480 1870 542 1912 non
557 1847 608 1924 srt;
627 1850 677 1932 qui
690 1867 788 1912 tamen
798 1847 1019 1924 caconfiretur,
1029 1849 1105 1914 vend

141 1945 289 2005 contritus
301 1940 333 2004 stt
346 1940 460 2006 necesse
469 1941 527 2019 est,
538 1944 569 2004 &
581 1943 739 2006 emendare
748 1962 854 2006 certus.
868 1941 1014 2022 ejusmodi
1024 1944 1105 2008 eninr

137 2054 278 2120 peccata,
299 2037 483 2117 quantumvis
494 2037 571 2099 levia
581 2038 668 2099 nobis
678 2038 849 2111 videantur,
863 2037 949 2119 parvi
975 2038 1106 2120 pendere

138 2128 404 2212 periculostlsrmunt
414 2152 421 2191 :
432 2127 664 2212 utillimumque
676 2128 752 2210 laepe
760 2132 794 2191 iis
803 2131 931 2213 purgari,
939 2128 1001 2192 live
1014 2130 1106 2196 sacra·

138 2224 280 2297 mentali,
294 2223 356 2286 stve
370 2223 427 2306 qud
438 2223 493 2285 alid
506 2223 687 2306 poenitentid.
696 2221 878 2287 charitatem
887 2224 966 2286 enim
975 2222 1029 2286 ersi
1041 2244 1106 2288 non

141 2315 321 2397 extingunt3
337 2317 531 2387 imminuunt,
549 2317 782 2399 graviorumque
797 2315 1107 2400 lapsuumpericulum

140 2407 315 2489 important.
329 2407 485 2469 Minimum
502 2426 676 2489 peccatum,
694 2411 802 2471 malum
820 2426 920 2473 tamen
945 2415 1107 2476 maximum

139 2497 203 2561 eli:
218 2499 329 2561 morbis
337 2499 441 2582 pejus,
459 2499 590 2574 damnis,
604 2501 759 2564 doloribus
779 2503 949 2585 corporeis,
964 2504 1102 2585 infamid,

141 2610 240 2655 morte
252 2591 328 2674 ipsi,
346 2609 378 2654 ur
391 2592 518 2674 quodvis
527 2593 745 2655 incommodum
765 2592 908 2672 eiusmodi
925 2594 1106 2660 subeundum

141 2685 242 2769 potius
254 2684 288 2745 sit
299 2683 698 2768 hominichrilliano,qudm
715 2706 802 2748 unum
824 2688 939 2751 veniale
954 2708 1108 2773 peccatum

141 2778 211 2841 darei
221 2777 311 2860 operi
322 2779 544 2840 admittendum.
552 2777 664 2842 Omnia
681 2796 780 2842 autern
793 2798 855 2842 rum
867 2781 1033 2858 mortilera,
1043 2802 1108 2847 tum

142 2872 272 2934 venialia
286 2890 423 2960 peccata,
435 2872 471 2933 ad
484 2870 582 2934 fontes
591 2871 896 2938 referunturmaxime
906 2873 1014 2958 septem
1023 2875 1109 2941 :·Gu·

140 2966 215 3040 lam,
228 2967 455 3047 impudicitiam,
467 2967 620 3029 avaritiam
633 3012 642 3041 ,
653 2967 813 3040 invidiam,
827 2969 993 3051 pigritiam,
1007 2969 1107 3055 super·

139 3059 227 3121 biam.
239 3058 370 3138 Quidam
385 3060 528 3139 adjiciunt
545 3079 653 3124 vanam
669 3062 818 3144 gloriam,
835 3060 867 3123 dr
885 3063 1014 3149 pigritiae
1033 3067 1107 3132 loco

140 3152 272 3215 acediam
287 3149 335 3215 seu
350 3153 480 3216 taedium.
499 3179 503 3185 -

175 3299 216 3361 (a)
230 3296 321 3348 Marri.
336 3313 359 3348 c.
375 3298 414 3348 ri.
428 3313 453 3354 ν.
468 3311 506 3363 ¹7·
524 3300 565 3363 (b)
581 3299 642 3354 Can.
655 3315 713 3365 rra.
726 3301 797 3356 Eccl.
809 3300 869 3368 afr.
881 3301 1036 3356 Conni‘rt'd.
1047 3303 1108 3373 Sed:

141 3369 159 3419 d
181 3366 243 3434 Cap.
260 3381 301 3419 rt.
313 3365 378 3432 Aug.
395 3367 427 3417 de
446 3366 573 3433 Spiritu&
586 3371 634 3421 liri.

403 3497 849 3564 TESTIMONIA.

173 3607 322 3668 Quiritem
337 3607 504 3675 superbierit,
517 3613 609 3662 nolens
621 3611 727 3663 obedire
742 3612 886 3662 Sacerdorit
899 3613 1007 3679 imperio
1021 3647 1029 3674 ,
1050 3627 1106 3664 mo·

139 3680 219 3732 rietur
236 3680 312 3728 lromo
325 3679 386 3739 ille,
404 3679 430 3728 8(
449 3678 547 3733 auferet
570 3683 663 3732 malurn
676 3684 707 3732 de
722 3681 796 3732 linet
808 3700 815 3730 z
827 3683 976 3746 cundiul‘que
995 3689 1106 3748 populor

138 3752 245 3801 audient
259 3749 375 3809 timebit,
393 3759 420 3799 ut
445 3752 527 3803 nullus
549 3751 672 3818 deinceps
684 3751 835 3804 intumescat
849 3750 974 3819 superbii.
994 3753 1069 3807 Dent.
1080 3769 1106 3807 c.

143 3833 277 3879 17.v.12.

175 3890 292 3938 Sicutcrn
306 3887 442 3939 Ecclesiam
457 3904 508 3939 nort
523 3892 650 3952 audierit,
665 3891 694 3942 stt
714 3891 761 3942 tibi
774 3891 835 3942 ficut
848 3893 964 3942 ethnicus
978 3891 1004 3942 dc
1018 3891 1106 3961 puhli-

141 3974 227 4009 crrtur.
242 3957 312 4007 Mart
331 3975 353 4006 c.
370 3960 407 4007 18.
425 3975 448 4006 ν.
465 3975 503 4020 η.

176 4026 264 4092 Scripsi
277 4028 348 4077 vobis
362 4029 387 4076 in
408 4027 529 4095 epillola,
544 4043 574 4076 ne
592 4027 812 4094 commisceamini¹
819 4029 968 4082 fornicariis.
985 4031 1042 4081 Non
1055 4033 1105 4084 utl-

138 4110 189 4159 que
203 4097 341 4149 fornicariis
353 4097 424 4158 ltujur
439 4099 544 4158 mundi,
559 4110 601 4147 aut
619 4101 698 4149 araris
710 4135 717 4159 ‚
731 4112 774 4148 aut
794 4101 942 4169 rapacibus,
963 4113 1005 4150 aut
1029 4105 1104 4153 idollr

137 4167 320 4217 lenientibus:
335 4168 429 4230 alioqui
442 4169 586 4218 debueratis
600 4171 630 4220 de
644 4171 692 4219 hoc
708 4173 801 4220 mundo
813 4172 906 4222 eniillc.
931 4171 1003 4220 Nunc
1017 4183 1103 4223 auter·

137 4234 221 4302 scripit
233 4236 303 4286 vobit
316 4253 366 4286 nott
377 4238 534 4287 commisceri
549 4255 554 4285 :
570 4239 585 4286 st
600 4240 637 4300 is,
650 4240 691 4302 qui
707 4237 784 4290 frater
796 4243 955 4303 nominatur,
969 4239 1004 4289 eli
1021 4240 1103 4291 forni-

139 4317 225 4366 cator,
240 4318 282 4355 eut
297 4320 400 4363 avarus,
421 4320 463 4357 eut
477 4308 551 4357 idolis
565 4306 671 4359 serviens
686 4341 694 4366 ‚
710 4322 752 4358 aut
768 4315 942 4369 maledicens,
962 4322 1004 4359 aut
1015 4311 1103 4362 ebrio·

136 4372 195 4437 fiir,
209 4389 252 4427 aur
264 4389 341 4444 rapax
355 4393 363 4436 ς
375 4391 432 4428 cum
445 4376 568 4442 ejusmodi
581 4394 629 4434 nec
642 4378 727 4432 cibum
740 4379 846 4440 sumere.
863 4380 935 4444 Quid
948 4381 1018 4435 cuim
1038 4379 1102 4436 milri
