2556 5040
250 482 325 563 '5⁴⁴
494 467 1037 538 uarrcntsttus
1135 537 1138 542 .
1225 528 1235 543 ,

267 606 1228 708 otae=====ra

395 759 771 845 anrro
839 708 1120 850 Lvrr..

516 934 574 1002 Dc
599 935 963 1009 Extrema-Utamur.

303 1091 482 1154 tomum
491 1111 608 1169 morte,
624 1090 740 1178 speciali
752 1094 813 1157 Dei
824 1095 934 1158 auxilio
947 1094 1145 1181 indigemus3
1164 1097 1235 1167 clim

312 1186 343 1246 u
355 1189 451 1247 acriits
464 1188 481 1248 a
494 1187 627 1250 Diabolo
641 1189 862 1270 impugnemur,
874 1188 1058 1273 &corporis
1072 1192 1236 1258 debilitate

256 1281 371 1344 animus
383 1278 559 1363 infringatur
569 1279 623 1366 (a).
633 1280 703 1343 Hoc
712 1299 809 1343 autem
824 1281 962 1344 auxilium
976 1303 1018 1345 eo
1031 1281 1238 1350 Sacrameuto

256 1374 347 1435 nobis
362 1373 466 1447 datur,
484 1375 566 1456 quod
587 1375 631 1435 itis
648 1372 748 1437 verbis
760 1374 878 1436 tradidit
893 1375 1027 1440 Jacobus
1046 1378 1236 1461 Apostolus:

240 1466 412 1545 rlnfimatur
423 1469 484 1546 quis
495 1471 523 1528 r'n
535 1469 638 1528 vobis?
650 1469 761 1528 inducat
774 1470 946 1548 Presbyrcrcs
962 1472 1110 1550 Ecclefiae,
1119 1475 1149 1534 ὁ
1160 1494 1238 1535 orent

250 1560 334 1642 super
344 1584 421 1634 eum,
435 1581 561 1643 ungentes
572 1583 629 1622 tunt
645 1563 704 1622 oleo
714 1563 742 1620 in
752 1564 854 1623 nomine
869 1563 982 1624 Domini
997 1584 1005 1622 τ
1019 1565 1049 1624 ἃ·
1059 1570 1157 1625 oratio
1166 1568 1237 1646 fidei

250 1654 375 1734 firleabt‘t
385 1655 514 1732 infirmum
527 1699 537 1727 ,
552 1655 580 1714 ὁ
592 1654 802 1716 alleviabimini
811 1657 947 1717 Dominus
956 1676 970 1728 ,·
990 1657 1020 1716 δ’
1025 1659 1057 1736 fi
1063 1660 1097 1717 in
1109 1664 1239 1741 peccatis

247 1749 310 1824 fit,
328 1751 489 1808 remittentur
503 1751 526 1805 ei
543 1744 596 1829 (h).
617 1747 691 1810 Tria
703 1746 793 1832 igitur
809 1748 897 1810 efficit
909 1751 968 1811 hoc
984 1749 1237 1815 Sacramentum:

255 1840 374 1923 primo,
392 1859 510 1922 peccata
525 1842 663 1914 dimittit,
681 1841 788 1924 nempe
802 1843 954 1917 venialia,
975 1840 1236 1929 remifforumque

257 1935 393 1996 omniunt
408 1953 597 2015 peccatorum
610 1935 756 2016 reliquias.
768 1932 905 1996 Secundo
916 1933 1068 1998 infirmum
1087 1939 1239 2015 roborat,

256 2029 367 2110 erigit,
386 2027 467 2088 addit
478 2029 601 2090 animos.
618 2025 727 2088 Tertib
739 2024 859 2089 salutent
872 2029 962 2090 etiam
973 2048 1163 2113 corpoream
1175 2032 1236 2095 rel·

136 2160 140 2165 -
256 2122 356 2195 tituir,
376 2119 518 2180 fianimae
528 2119 610 2181 saluti
622 2119 777 2181 conducat.
791 2119 889 2200 Hujus
899 2121 1085 2184 Sacramenti
1106 2125 1234 2187 ministri

256 2212 430 2292 Presbyteri
448 2211 513 2273 sunt
525 2234 533 2271 :
547 2211 718 2294 lignumque
739 2213 842 2295 gratiae
858 2215 954 2276 oculis
974 2235 1106 2296 parens,
1128 2219 1233 2281 unctio

256 2306 318 2368 olei
332 2325 401 2367 cum
417 2307 554 2367 oratione
572 2304 624 2391 (c).
641 2304 688 2367 Eli
702 2325 799 2369 autem
816 2307 852 2369 ad
869 2307 955 2387 hujus
971 2307 1164 2372 sacramenti
1179 2313 1232 2374 de·

256 2397 465 2467 monstrandus
487 2396 607 2463 effectu
623 2396 794 2483 aptiffimum
815 2401 938 2463 oleum:
956 2422 1020 2484 quo
1036 2401 1070 2464 dr
1090 2402 1232 2469 sanantur

257 2493 401 2568 vulnera,
422 2493 453 2554 dt
477 2512 586 2577 corpus
604 2490 746 2556 firmatur.
764 2493 836 2556 Non
855 2492 908 2555 nili
927 2495 1168 2576 periclitantibus
1186 2502 1231 2560 in·

257 2584 352 2649 firmis
385 2588 572 2649 tribuendum
593 2586 635 2648 eli
653 2609 661 2646 :
678 2606 733 2649 nec
751 2603 849 2649 tamen
878 2604 1043 2650 extremum
1070 2589 1233 2654 discrimen

258 2679 480 2763 expertarum
495 2678 591 2741 lmrnd
609 2679 684 2762 saepe
704 2681 776 2743 oiim
795 2681 827 2742 in
843 2679 998 2742 Ecclefiam
1011 2681 1042 2742 id
1054 2685 1231 2767 percepturi

259 2775 480 2837 deducebantur
494 2772 612 2835 infirmi.
624 2773 730 2856 Neque
745 2774 825 2835 enim
844 2772 980 2836 Extrema
998 2774 1127 2850 dicitur,
1149 2775 1233 2859 qudd

256 2865 291 2930 in
302 2868 444 2931 extremis
455 2867 540 2928 datur
553 2890 561 2927 ε
574 2865 621 2929 sed
630 2865 710 2948 qudd
717 2863 782 2949 post
791 2864 927 2948 Baptismi
935 2866 968 2930 dr
977 2864 1237 2935 confirmationis

257 2961 425 3025 unctiones.
446 2959 607 3039 Presbyter
627 2958 737 3020 infirmi
757 2960 925 3023 cubiculum
943 2957 1112 3042 ingreffirs,
1137 2964 1233 3026 bene·

259 3052 419 3115 dictionem
435 3053 577 3135 largitur,
598 3051 807 3135 infirmumque
829 3070 932 3115 monet
946 3099 955 3128 ,
970 3055 1161 3138 poertirentiae
1178 3057 1233 3120 Sa·

259 3165 445 3211 crumentum
457 3148 620 3232 percipiat,
637 3144 704 3207 ststt
715 3165 791 3231 opus
801 3145 856 3231 (d)
876 3147 947 3209 Deo
961 3148 1059 3222 enim,
1084 3150 1234 3232 quantum

259 3240 327 3306 fieri
340 3240 455 3325 potest,
464 3259 578 3325 gratum
588 3235 645 3303 effe
656 3257 778 3324 oportet
788 3242 839 3322 qui
848 3239 1016 3304 Extremam
1029 3242 1141 3326 accipit
1149 3244 1234 3308 Unc-

258 3336 384 3398 tionem
401 3335 480 3397 Turn
502 3337 589 3397 docet
611 3355 678 3416 quae
698 3332 733 3395 srt
753 3333 840 3414 hujus
862 3335 1042 3397 Sacramenri
1062 3334 1236 3413 institutio,

260 3430 366 3510 quibus
378 3427 530 3491 instructus
542 3429 578 3490 ad
592 3428 621 3488 id
636 3428 856 3510 percipiendum
874 3428 939 3510 quis
954 3428 1075 3490 accedat
1090 3450 1101 3503 3
1123 3431 1235 3514 nempe

259 3519 320 3583 fide
328 3566 340 3594 ,
349 3520 537 3595 fortitudine,
549 3522 680 3603 propriae
689 3520 851 3583 voluntatis
857 3522 892 3584 ad
898 3522 1028 3583 divinam
1039 3518 1236 3603 subjeffione,

258 3615 347 3693 hujus
374 3616 446 3676 vitae
471 3631 677 3696 contemptu,
702 3613 941 3696 compunctione.
972 3613 1136 3694 Presbyter
1164 3638 1235 3680 cum

260 3706 439 3770 adstantibus
451 3707 590 3768 omnibus
602 3704 692 3767 fleciit
703 3725 818 3788 genua,
836 3705 1020 3790 Litanialque
1035 3712 1234 3789 pronuntiat:

259 3820 323 3863 tum
333 3801 445 3863 accedit
455 3800 491 3860 ad
500 3796 646 3864 infirmum
656 3847 666 3875 ,
678 3799 709 3862 δι
719 3801 825 3863 multas
833 3800 918 3883 supet
928 3821 994 3863 eum
1007 3801 1056 3861 dar
1066 3804 1239 3867 orationes.

259 3893 340 3956 Tum
353 3895 437 3975 ungit
450 3893 520 3954 oleo
530 3893 560 3953 in
572 3894 649 3955 hunc
660 3893 740 3958 usum
754 3893 926 3958 consecrato
936 3895 966 3954 in
978 3891 1076 3956 Coena
1086 3894 1238 3971 Domini,

260 3989 326 4051 baec
338 3987 373 4047 ad
389 3986 512 4069 singulas
527 3985 682 4048 unctiones
699 3989 913 4072 pronuntians:
931 3989 1072 4066 Perillam
1083 3990 1163 4067 sacri
1180 3992 1235 4051 olei

261 4083 422 4154 attonem,
435 4082 462 4140 ὁ
468 4080 547 4159 suam
554 4082 695 4162 piiffimam
704 4083 926 4160 misericordiam,
939 4082 1079 4200 ipdulgeat
1091 4084 1142 4141 tilu'
1153 4086 1237 4142 Deus

295 4271 338 4329 (a)
352 4263 448 4312 Concil.
462 4260 574 4312 Trident.
586 4263 646 4329 Seff.
666 4278 702 4323 ru.
717 4265 757 4324 (b)
771 4263 827 4313 Jtrc.
843 4281 863 4311 c.
881 4283 902 4328 ς.
917 4280 940 4311 ν.
954 4276 989 4321 14.

295 4337 432 4404 (εμηιιοε.
448 4335 468 4381 l.
487 4330 563 4396 Epist.
579 4333 615 4382 ud
634 4333 741 4384 Derrnt.
755 4350 776 4383 c.
791 4335 814 4387 8.
827 4333 873 4398 (d)
886 4333 943 4386 Rit.
961 4333 1035 4386 Rom.
1046 4329 1068 4384 ἃ
1081 4333 1166 4398 Parifi

1103 4408 1241 4489 tuido&
