2556 5040
96 548 103 563 ’
133 552 219 626 t'tnbis
229 556 265 623 ei
285 558 480 631 conditione,
492 557 623 641 wege,
636 558 671 620 ea
688 557 930 643 prescriptione,
947 558 1006 645 quai
1020 568 1033 595 ⁸
1047 567 1095 627 vi·

136 658 237 728 detur,
250 653 397 715 concedit.

183 749 217 808 Er
233 748 349 827 quidem
360 747 389 805 in
402 744 594 806 Servatorem
604 746 709 827 ingrati
721 744 984 830 contumeliostque
994 746 1098 825 stmua‚'

137 840 157 901 st
169 843 203 901 de
217 840 332 901 infinito
346 840 421 899 illius
439 839 547 899 merito
559 857 598 899 eo
611 841 713 901 colore
727 840 920 921 ambigamus,
935 842 1013 921 qudd
1029 862 1097 925 pec·

136 954 235 995 catum
250 934 335 994 nobis
350 932 454 992 Adami
467 932 681 1003 condonando,
695 952 757 993 non
771 934 906 993 omnibus
918 932 1000 995 simui
1021 938 1096 997 libe·

137 1045 184 1088 ret
194 1074 202 1097 ‚
212 1046 323 1107 qtraeert
337 1027 389 1086 illo
402 1023 560 1105 lequuntur
576 1025 771 1085 incommodts
781 1071 791 1098 ‚
801 1026 950 1107 mortique
961 1029 1054 1089 adbuc
1064 1028 1097 1089 δι

135 1134 184 1179 tot
198 1119 333 1199 corporis
355 1118 503 1197 animique
525 1118 656 1187 morbis,
674 1119 711 1178 ab
733 1119 785 1178 illo
803 1138 926 1201 peccato
950 1124 1024 1182 ortis
1044 1122 1098 1181 ob·

136 1214 245 1272 noxios
257 1213 411 1292 relinquat.
420 1208 568 1270 Christum
578 1208 678 1271 sufficit
688 1211 716 1270 id
725 1213 848 1291 pretium
865 1211 978 1273 solvisse
992 1212 1097 1289 semel,

136 1324 198 1385 quo
211 1306 314 1384 quiluts
326 1305 480 1365 obruimur
493 1304 574 1363 malis
587 1306 724 1365 omuibus
737 1304 893 1365 liberemur
911 1307 1069 1386 aliquando
1087 1320 1096 1365 a

136 1396 267 1458 nostrum
286 1396 327 1457 ell
343 1417 408 1457 cum
422 1396 585 1456 humilitate
605 1396 633 1455 dr
652 1400 808 1477 gratiarum
826 1396 941 1459 adilone
962 1397 1097 1460 beneficii

136 1508 248 1573 partem
259 1488 572 1569 qtratmlibetaccipere‚
582 1491 767 1551 attendentes
777 1492 881 1570 quibus
895 1491 1030 1572 gradibus
1040 1511 1098 1553 nos

137 1584 172 1643 ad
186 1582 342 1663 persedrm
354 1583 515 1641 libertatem
528 1582 670 1655 adducat,
682 1601 721 1643 eo
739 1581 845 1643 scilicet
867 1586 991 1653 ordine,
1007 1606 1097 1665 quent

135 1696 193 1759 pro
216 1678 264 1737 luit
286 1674 441 1756 sapientiai,
463 1692 523 1733 turn
547 1674 582 1733 ad
598 1676 753 1735 utilitatem
773 1675 900 1736 nostram
920 1674 1096 1753 constituat,

136 1786 198 1828 tum
212 1771 247 1829 ad
261 1768 446 1829 illustriorem
460 1766 576 1847 justitia*
588 1768 829 1851 humanitatisque
844 1767 901 1830 suae
914 1768 1098 1832 demonstra·

135 1862 259 1922 tionem.

183 1954 246 2015 Pari
267 1955 380 2015 ratione
393 1951 472 2035 egre
484 1950 563 2015 lette
580 1973 642 2014 non
661 1954 800 2016 debemus
820 1974 905 2027 eum,
918 1958 966 2036 qui
985 1973 1097 2019 tantant

135 2049 257 2109 unbisin
272 2047 414 2129 baptismo
427 2046 787 2128 benignitatemostendit,
799 2048 991 2109 difficiliorem
1007 2050 1033 2109 le
1047 2070 1098 2110 et·

134 2140 237 2202 hibere
251 2157 333 2214 tunt,
355 2142 423 2203 citm
437 2143 511 2201 tanti
532 2138 662 2219 mysterii
682 2140 765 2223 palla
785 2139 979 2225 promillaque
999 2144 1097 2218 violaq

133 2248 240 2293 tamur.

183 2320 1094 2410 Juttumeu‚immerobissumare‚Deumcumpeccatumnoi

133 2418 179 2480 bis
189 2437 386 2498 aeternumque
406 2414 508 2488 fimul,
527 2436 613 2495 quam
626 2417 721 2477 meriti
734 2438 850 2479 eramus
863 2465 872 2491 ‚
884 2440 1001 2501 poenam
1016 2441 1092 2484 con-

134 2512 228 2571 donat
239 2558 247 2583 ,
259 2512 464 2591 temporariam
483 2508 499 2567 ὲ
518 2509 603 2569 nobit
619 2510 745 2590 aliquam
763 2513 897 2591 erigere,
912 2512 968 2591 qui
985 2532 1042 2575 nos
1060 2516 1093 2575 in

135 2604 236 2665 officio
248 2605 400 2664 contineat
411 2648 420 2673 ‚
433 2623 470 2663 ne
481 2598 596 2675 iustitie
610 2601 720 2661 divinae
733 2606 762 2633 *⁸
779 2604 998 2665 vinculiscitiirs
1009 2605 1063 2667 ubi
1082 2637 1095 2653 ·

134 2696 188 2759 luti
204 2744 212 2769 ‚
225 2697 319 2758 veniae
332 2694 468 2757 facilitate
485 2696 636 2756 abutamur
648 2737 658 2767 ‚
669 2699 894 2779 temerariaque
909 2716 965 2758 uos
978 2695 1095 2761 fiducia!

133 2793 347 2874 permittamus

180 2884 258 2945 Huic
281 2903 356 2963 ergo
369 2897 400 2943 ut
422 2880 523 2943 debito
541 2876 678 2955 satisfiat,
697 2880 848 2944 laboriosis
866 2880 1035 2965 quibusdam
1048 2881 1097 2947 sui

132 2997 198 3037 mus
211 2978 350 3059 operibus
366 2974 491 3036 obnoxii
505 3020 514 3047 ‚
527 2974 628 3036 humili
642 2976 673 3036 dc
697 2977 849 3056 poenitenti
864 2978 964 3038 animo
979 2979 1094 3040 obeun-

133 3071 197 3129 dis:
210 3067 449 3151 atqueejusmodi
463 3086 589 3149 operum
608 3067 756 3130 neceffitas
772 3070 921 3149 antiquam
938 3070 1094 3133 Ecclesiam

134 3182 185 3221 eas
194 3162 403 3243 poenitentum
421 3180 620 3243 poenas,quae
639 3164 789 3223 canonice
811 3182 977 3233 vocantur,
996 3164 1094 3247 impe·

134 3272 208 3314 nere
228 3253 379 3335 compulit.

183 3348 260 3408 Cum
274 3348 362 3429 igitur
378 3343 477 3427 aspera
489 3346 708 3426 peccatoribus,
723 3344 754 3409 dt
773 3345 918 3409 laboriosa
939 3358 1032 3431 opera
1050 3350 1094 3411 in⁴

133 3435 229 3521 jungit
242 3484 253 3513 ,
276 3440 356 3521 iique
368 3440 416 3500 itu
428 3436 562 3500 submillo
575 3441 676 3501 animo
686 3438 826 3513 subeunt,
847 3460 883 3501 ea
896 3440 1093 3523 diciturfinis-

127 3531 235 3613 sudio:
250 3534 316 3595 citm
328 3549 426 3594 autem
437 3550 559 3615 propter
570 3532 706 3593 eximiam
716 3535 919 3615 poenitentium
934 3536 1095 3615 pietatem,

133 3628 230 3687 aliave
240 3627 316 3687 bona
326 3644 417 3707 opera
428 3670 437 3697 ,
449 3644 515 3707 quae
526 3625 561 3685 iis
573 3624 631 3707 ipsa
642 3624 867 3707 praeicripserit,
892 3627 909 3688 d
923 3628 1021 3689 debiti
1037 3630 1094 3691 ali·

134 3720 202 3801 quid
216 3717 281 3800 ipsu
293 3718 379 3801 poenft
391 3718 531 3791 remittit,
542 3736 578 3779 ea
597 3718 702 3781 dieitur
710 3718 889 3801 induigentia.

179 3812 261 3873 Nihil
290 3812 368 3875 aliud
389 3812 426 3873 de
448 3810 640 3893 indulgentiis
662 3812 841 3875 eredendum
859 3812 1000 3897 proponit
1023 3812 1094 3875 Tria

166 4066 184 4100 ³
204 4068 225 4117 u
238 4064 331 4115 sarabia
342 4066 405 4127 qu'il
420 4080 437 4131 y
451 4078 465 4113 a
477 4064 510 4115 ici
527 4080 560 4115 trn
573 4076 626 4115 mot
636 4062 765 4125 t'ouotu,
781 4064 805 4111 dt
823 4066 880 4127 qn'u
895 4062 949 4115 iant
964 4068 1029 4117 lire:
1043 4064 1095 4133 qud

131 4134 180 4205 ppfi
191 4136 297 4185 uidetur.
315 4136 383 4185 Note
394 4136 425 4183 dc
435 4134 575 4194 l'Editeur,
594 4134 631 4183 Μ.
644 4136 735 4183 l'Abbe'
752 4140 880 4197 Lequeutr.

169 4222 205 4253 ¹·
223 4224 260 4271 Le
278 4230 334 4271 tuot
352 4218 441 4271 diuina
459 4222 520 4271 n'rll
537 4234 582 4285 pat
598 4216 711 4285 exputare
728 4220 790 4267 dam
804 4222 828 4269 le
840 4220 957 4285 Franeoit
975 4238 984 4283 ς
1001 4224 1062 4273 mair
1077 4218 1100 4275 il

84 4336 100 4351 ,.
132 4290 199 4345 oft·
211 4304 246 4341 nn
255 4288 315 4343 [ena
331 4292 389 4355 plot
402 4292 475 4341 niair.
489 4290 560 4341 Nate
571 4288 605 4339 dc
615 4288 741 4341 ltaliam
750 4322 762 4353 ,
772 4286 811 4339 n.
823 4290 914 4339 l'abbe
925 4292 1050 4357 deputem

84 4362 155 4445 ᾖ,
228 4362 307 4425 Tm
317 4362 377 4423 111.
856 4362 880 4421 P
897 4382 918 4447 p
