2556 5040
258 593 592 665 rrrsrotttcus
639 576 838 661 usion
993 597 1066 687 rs,

106 730 169 796 quo
178 707 312 772 Christus
326 709 478 772 laboribus
495 707 628 781 sunaus,
642 726 784 770 aeternam
797 707 929 789 requiem
944 705 964 771 i
979 729 1066 773 mor·

110 808 168 866 tuis
179 802 356 885 resurgendo
375 798 515 884 ingressus
535 799 576 864 esi
600 799 651 886 [t]
669 800 742 863 Eum
764 801 970 877 Dominitum‚
983 800 1071 885 quasi·

112 895 250 959 Domino
264 893 391 968 sucrum,
406 896 536 959 dicimus.
552 893 621 973 Ejus
636 893 830 958 sanslistcandi
848 896 873 956 is
885 897 990 957 modus
1005 893 1066 972 esi,

109 1008 143 1053 ut
163 1006 243 1051 totus
264 988 405 1069 religiosis
420 989 559 1073 operibus
575 988 725 1071 culmique
742 989 847 1050 divino
870 990 1066 1071 impendatur.

109 1080 245 1143 Debetur
259 1083 376 1164 quidem
389 1081 459 1144 Deo
472 1091 585 1164 tempus
593 1100 684 1144 omne
695 1081 844 1157 nostrum,
856 1081 935 1144 aslus
944 1100 1047 1143 omnes
1054 1094 1072 1155 ,·

109 1191 143 1235 ut
155 1172 312 1235 Conditori
331 1175 360 1235 dr
380 1174 580 1259 Redemptori.
595 1175 633 1236 Αι
645 1174 711 1237 citm
728 1175 865 1238 homines
874 1176 912 1237 ad
932 1176 1066 1236 laborem

109 1266 319 1338 damnaverit,
341 1267 468 1352 sciatque
495 1265 649 1351 plerosque
674 1287 737 1330 non
759 1266 813 1331 nist
833 1266 942 1330 assiduo
964 1268 1067 1330 labore

112 1358 128 1421 s
127 1358 263 1421 ostentari
273 1357 351 1443 posse
362 1359 426 1446 [d]‚
439 1360 488 1423 sex
499 1362 561 1423 dies
572 1363 708 1443 torporis
716 1359 873 1425 neceffitati
885 1359 1068 1444 terrenisque

112 1454 240 1534 negotiis
251 1452 405 1529 concessu
422 1455 538 1516 unicum
554 1454 643 1518 cultui
653 1452 722 1531 suo,
737 1453 934 1538 spiritualique
948 1453 1073 1519 utilitati

110 1542 243 1629 seposuit.
255 1545 325 1624 Ejus
333 1564 430 1610 tamen
440 1547 498 1609 diei
508 1548 616 1610 bonam
628 1566 741 1631 partem
750 1568 858 1633 eorpus
868 1548 918 1610 srbi
935 1546 1069 1630 praeripit

111 1636 233 1713 somno,
246 1640 334 1715 cibo,
354 1641 496 1703 nonnulli
514 1639 693 1716 remissione,
705 1640 985 1706 valetudiniscausai.
995 1638 1069 1702 Deo

113 1728 201 1814 igitur
211 1733 351 1815 quantum
364 1732 428 1813 ejus
440 1731 588 1817 possumus
605 1735 791 1799 tribuendum
803 1733 860 1797 esl:
870 1733 1001 1797 orationi
1012 1752 1071 1795 va«

112 1826 255 1898 candum,
271 1825 400 1901 lectioni,
416 1846 478 1889 tum
488 1829 646 1911 Scripturae
660 1827 765 1902 sacrae,
781 1847 841 1890 tum
852 1825 1069 1911 piorumlibro·

111 1939 195 1991 tum;
216 1917 308 1980 Missae
330 1918 491 1995 sacrificio,
507 1920 764 2003 Ecctefianicisque
784 1922 920 2004 precibus
942 1916 1069 1980 assisten-

111 2011 195 2074 dum:
209 2014 345 2075 audiendi
359 2013 523 2089 sermones,
535 2015 567 2076 δι
582 2013 603 2075 sr
621 2036 689 2097 quae
704 2016 770 2076 aliae
785 2020 841 2099 piae
857 2013 1068 2077 institutiones:

110 2104 148 2166 de
167 2105 277 2167 aetetnai
299 2105 388 2170 salute
410 2107 486 2169 serib
504 2109 890 2192 cogitandum,animaeque
911 2105 1069 2175 consulen-
1178 2174 1180 2178 ,

110 2197 188 2259 dum.
207 2198 352 2261 Sumenda
373 2199 569 2277 Eucharistia‚
587 2203 675 2285 eique
698 2203 843 2284 parandus
869 2200 1070 2263 animuszlar·
1163 2254 1166 2261 .

112 2291 225 2371 giendze
238 2291 454 2374 eleemosynae,
467 2293 575 2356 infirmi
586 2295 615 2355 br
626 2315 767 2378 pauperes
775 2294 931 2358 invisendi:
942 2293 1070 2376 denique

110 2384 248 2467 religiose
267 2402 328 2447 tora
338 2389 401 2448 haec
416 2387 479 2450 dies
489 2386 687 2470 transigenda,
706 2388 831 2450 maxime
841 2387 929 2463 fidei,
946 2385 1019 2470 spei,
1036 2385 1070 2448 δι

109 2477 257 2540 charitatis
268 2477 379 2540 asiibus
392 2480 573 2542 exercendis
589 2479 745 2562 Quidquid
761 2500 861 2544 autem
870 2482 985 2544 hisnon
995 2498 1072 2544 con·

109 2568 316 2652 gruinhicdie
327 2569 1071 2655 vitandumeli[e].i'rimdopusomnecorpoteum,

110 2662 289 2727 laboriosum
300 2682 349 2727 aut
361 2663 478 2727 servile:
487 2683 577 2727 omne
586 2665 810 2729 mercimonium
820 2711 830 2740 ‚
841 2668 939 2729 omnis
947 2664 1073 2731 sorenfis

109 2753 204 2831 attio,
217 2776 327 2832 omne,
339 2756 483 2840 quantitm
501 2755 566 2819 fieri
589 2757 713 2839 potest,
734 2772 884 2821 terrenum
907 2760 1073 2840 negotium.

11 2850 15 2867 '
109 2847 229 2912 Deinde
239 2847 363 2933 operosa
375 2849 646 2928 oblesiamenta,ut
655 2851 914 2934 venatio‚quique
923 2852 981 2914 ludi
995 2852 1072 2915 mul·

110 2941 174 3004 tirm
185 2944 327 3024 temporis
335 2941 497 3018 insumunt,
505 2943 693 3027 animumque
702 2943 871 3008 distrahunt.
879 2944 958 3006 Tum
971 2944 1071 3008 ebrie-

112 3051 175 3109 tas,
193 3035 307 3098 lascivae
320 3038 455 3111 choreae3
467 3039 503 3099 ad
513 3035 653 3100 summum
665 3038 806 3120 quidquid
817 3056 968 3121 peccatum
978 3037 1028 3100 esi
1037 3037 1071 3101 ld

109 3130 190 3190 enim
209 3127 259 3191 etsr
279 3131 412 3211 quotidie
428 3129 619 3212 fugiendum,
631 3132 721 3214 longe
736 3148 835 3194 tamen
849 3130 1002 3194 studiosius
1022 3132 1072 3195 die

111 3221 160 3283 illd
172 3244 237 3303 quae
249 3225 280 3285 dr
291 3223 361 3285 Deo
373 3222 452 3287 sacra
462 3222 503 3286 eli
511 3269 520 3297 ,
528 3224 559 3285 δι
569 3225 660 3307 magis
670 3226 827 3289 tentationi
839 3241 939 3309 pater,
948 3244 1072 3309 propter

112 3315 207 3376 otium
220 3315 251 3376 δι
260 3314 542 3378 conventus.Potrd
552 3316 621 3377 citm
630 3316 821 3399 Evangelium
836 3319 884 3379 lex
901 3315 1072 3392 amorissit,

110 3424 176 3466 eam
187 3405 295 3468 sabbati
313 3406 444 3488 quietem
459 3426 520 3471 non
535 3407 623 3470 antrib
637 3425 669 3469 ut
687 3408 781 3471 Judaei
797 3408 962 3471 servamus:
976 3428 1073 3491 eaque

112 3498 212 3559 omnia
237 3498 326 3561 licere
350 3516 512 3581 putamus,
534 3520 601 3581 quae
622 3517 673 3563 aut
696 3498 843 3564 necessitas
869 3500 994 3584 poslttlat
1022 3520 1074 3567 aut

113 3592 246 3651 charitas.
261 3591 374 3654 Docuit
392 3593 471 3654 enim
489 3592 623 3654 Christus
639 3594 729 3656 licere
746 3593 869 3657 sabbatis
884 3593 1073 3659 benefaceret

112 3681 198 3764 suque
213 3685 296 3762 hujus
305 3686 379 3759 diei,
389 3704 421 3746 ur
438 3687 640 3769 reliquorum,
653 3686 805 3750 dominum
818 3688 882 3773 [ss.
893 3690 961 3751 Hoc
974 3705 1074 3753 autem

111 3775 264 3931 Ppapcepro
278 3782 448 3842 continetur
466 3779 489 3841 F
492 3779 619 3844 eliorum
639 3779 676 3844 ab
694 3780 820 3845 Ecclesrti
836 3781 1075 3865 prescriptorum

111 3889 133 3931 o
167 3890 291 3933 erratio.

147 4007 187 4062 (r)
202 4005 279 4066 apoc.
291 4020 312 4053 c.
328 4021 351 4060 ι.
364 4021 388 4055 ν.
403 4017 441 4054 ιο.
467 4002 508 4077 (d)
520 4006 583 4058 Gen.
593 4021 617 4054 e·
628 4018 650 4064 ι.
664 4022 689 4055 ν.
703 4021 740 4064 ιι.
753 4008 837 4059 teor.
849 4025 870 4062 c.
887 4023 916 4074 ιι
940 4027 966 4060 ν.
980 4024 1005 4063 ι.
1016 4027 1042 4076 ι.

145 4075 182 4135 (c)
201 4072 251 4137 Ifit.
263 4092 284 4122 c.
298 4076 369 4137 58.v
399 4090 435 4142 ις.
461 4074 506 4139 (j)
528 4078 735 4138 Luc.c.6.v.5t

374 4188 821 4250 TESTIMONIA.

144 4322 195 4371 Sex
207 4323 295 4373 diebus
307 4324 470 4386 operaberis,
482 4324 505 4371 bt
522 4323 597 4375 saciet
610 4343 687 4394 opera
700 4330 783 4378 omnia
799 4342 839 4379 tua
863 4331 977 4397 Septimo
992 4343 1076 4383 autem

109 4393 153 4441 die
167 4395 294 4443 libnrturn
315 4393 420 4444 Domini
437 4397 487 4443 Dei
503 4398 538 4446 tui
564 4399 679 4447 elbblmt
705 4397 782 4449 t'acier
801 4415 877 4450 omne
892 4416 956 4467 opus
977 4405 1002 4452 itt
1023 4417 1074 4465 eo,

107 4472 155 4526 tu,
177 4464 375 4530 billonius,
396 4464 423 4515 lt
443 4464 496 4519 filia
523 4478 585 4532 tua,
607 4466 778 4534 strennuus,
801 4468 1007 4533 esuriuntur,
1031 4469 1074 4535 ju-
