2572 4958
232 567 308 645 Qo
482 545 1007 621 siracusanus

237 671 286 722 Sed
299 672 326 721 in
337 668 376 720 his
391 666 508 719 omnibus
520 665 681 736 superamus,
701 674 808 730 propter
824 678 880 712 eum
895 662 936 725 qni
950 657 1038 710 dilexit
1055 673 1110 711 uos.
1124 656 1201 716 Roma

234 754 259 788 c·
270 742 465 872 siievstiisgetitini
480 802 568 852 animis
586 801 670 850 vestris
687 797 842 849 deficientes.
857 798 976 850 Nondum
989 797 1057 846 enim
1076 795 1200 861 usquead

127 897 133 909 ·
235 875 383 949 sanguinem
396 873 531 931 restitistis,
542 869 659 920 adverada
673 879 807 936 peccatum
817 880 994 934 repugnantes.
1010 867 1089 917 Hedr.
1109 884 1133 916 c.
1157 883 1200 920 ta·

237 958 432 1062 v‘riiesientote
446 1008 633 1076 prepositorum
647 1003 801 1065 uestrorum,
820 1007 860 1069 qui
879 1005 950 1055 vobis
971 1005 1051 1054 locuti
1071 1004 1127 1055 snnt
1138 1020 1198 1054 uer·

237 1082 298 1133 bum
327 1082 378 1129 Dei
400 1093 526 1140 ‚quornm
547 1079 673 1126 intuentes
703 1076 798 1125 exitum
818 1075 1032 1136 conversationis,
1060 1075 1198 1124 imitamini

236 1152 324 1202 fidem.
339 1147 406 1196 ibid.
420 1163 439 1196 c.
462 1159 499 1206 ις.
516 1162 539 1193 ν.
553 1162 577 1201 7.

270 1220 328 1270 vidi
339 1216 424 1266 subtus
436 1217 513 1265 altare
525 1215 620 1263 animas
638 1210 824 1263 interfesiorum
843 1220 948 1275 propter
959 1213 1063 1262 verbum
1087 1212 1157 1272 Dei,
1171 1210 1199 1262 8(

235 1299 343 1353 propter
356 1285 523 1335 testimonium
533 1285 597 1346 quod
611 1283 752 1342 habebant,
768 1280 793 1330 δι’
813 1280 956 1331 clamabant
975 1297 1037 1331 voce
1056 1283 1145 1345 magnai
1160 1282 1200 1329 di-

236 1369 345 1406 centes:
358 1354 506 1418 Usquequd,
520 1354 644 1412 Domine,
668 1352 762 1401 sandius
781 1351 814 1399 &s
826 1361 897 1397 uerus
908 1382 917 1408 ,
930 1364 981 1400 non
994 1351 1089 1411 judicas
1103 1352 1128 1398 δι
1143 1363 1197 1399 non

235 1427 347 1475 vindicas
361 1424 504 1488 sanguinem
518 1421 642 1484 nostrum,
662 1423 693 1470 ‹le
715 1421 744 1469 iis
759 1422 800 1482 qui
812 1418 927 1466 habitant
939 1421 965 1468 in
980 1431 1044 1468 terra
1059 1421 1118 1468 lEt
1132 1421 1201 1469 date-

235 1494 293 1544 suut
303 1497 351 1543 illis
366 1494 462 1556 singulae
476 1493 540 1541 liniae
551 1491 628 1539 albae:
655 1491 680 1538 dt
694 1489 787 1541 diuum
801 1487 835 1536 esi
848 1488 896 1536 illis
915 1499 942 1536 ut
953 1487 1137 1551 requiescerent
1151 1489 1198 1537 ad-

234 1563 284 1612 huc
296 1574 395 1629 tempus
409 1563 555 1620 modicum,
574 1559 655 1608 donec
670 1560 844 1621 compleantur
856 1553 967 1607 conferri
979 1573 1084 1617 eorum,
1101 1561 1143 1621 qni
1157 1560 1198 1606 in·

236 1632 379 1683 terficiendi
394 1629 451 1680 sunt
466 1632 528 1680 sicut
548 1628 574 1676 dt
594 1629 642 1676 illi.
661 1629 695 1677 Et
707 1629 758 1677 vidi
776 1628 870 1676 animas
887 1626 1070 1675 decoliatorum
1089 1639 1197 1693 propter

236 1702 405 1751 testimonium
416 1698 471 1750 iesu
482 1734 490 1760 ‚
503 1700 528 1746 dt
541 1709 644 1763 propter
655 1697 760 1747 verbum
775 1697 841 1754 Dei,
864 1695 889 1742 δι
905 1695 946 1757 qui
960 1711 1010 1744 uon
1027 1697 1196 1746 adoraverunt

234 1770 358 1830 bernam,
377 1784 457 1831 neque
472 1769 607 1831 imaginem
620 1765 673 1827 ejus
686 1801 694 1827 ‚
707 1767 733 1813 dr
746 1774 913 1830 regnaverunt
930 1779 986 1814 eunt
1000 1764 1099 1816 Christo
1125 1768 1196 1817 mille

235 1841 317 1891 aratris.
331 1841 407 1904 Aper.
419 1853 441 1886 c.
455 1837 479 1888 6.
493 1854 516 1886 ν.
527 1849 551 1897 9.
567 1851 607 1886 to.
627 1850 666 1886 rr.
681 1833 747 1883 ibid.
760 1849 783 1884 c.
798 1850 837 1884 ιο.
849 1849 872 1882 ν.
884 1847 909 1894 4.

428 2085 792 2172 LECTIO
860 2085 1001 2170 LII.

334 2228 391 2295 De
423 2223 577 2314 Ecclefiae
597 2249 709 2318 pace,
748 2222 781 2298 (a
805 2228 991 2317 monastica
1008 2230 1093 2297 aira.

308 2343 385 2404 Osr
404 2343 541 2405 toleratas
556 2345 695 2406 trecentis
706 2344 790 2405 annis
805 2345 1002 2420 vexationes,
1019 2364 1120 2427 pacem
1133 2344 1204 2408 Ec:-

311 2436 404 2498 clesrae
416 2433 472 2497 suae
485 2437 562 2498 dedit
576 2435 679 2511 Deus,
698 2435 747 2498 sub
764 2434 961 2500 Constantino
975 2435 1107 2519 Augusto
1117 2485 1126 2513 ‚
1137 2441 1188 2521 qui

238 2526 326 2590 fidem
336 2529 518 2591 christianam
528 2532 677 2613 amplexus
692 2528 740 2590 eil.
750 2529 813 2590 lide
823 2528 865 2592 usr
873 2530 1005 2592 libertate
1015 2529 1191 2608 Christiani,

238 2621 397 2684 solemnius
410 2641 511 2704 preces
534 2624 662 2704 publicas
680 2621 871 2705 colledasqne
889 2621 1074 2685 celebrarunt
1093 2644 1193 2706 3quas

237 2714 441 2798 persecutione
454 2713 588 2778 fervente
602 2714 687 2777 node
704 2713 779 2797 saepd
797 2714 828 2775 dt
840 2714 1002 2777 clanculum
1015 2716 1123 2779 habere
1135 2737 1193 2778 co·

236 2809 390 2890 gebantur.
403 2807 636 2890 sumptuosiores
648 2828 766 2890 qnoque
778 2808 855 2868 aedes
864 2807 1021 2882 extrudere,
1040 2807 1121 2872 auda
1135 2830 1191 2871 va·

197 2931 199 2935 ⁷
236 2899 336 2962 sorum
353 2900 384 2961 δι
401 2898 486 2962 sacrae
500 2898 776 2983 supellesliliseopia
791 2902 921 2984 :magnis
938 2900 1066 2963 Basilicae
1080 2903 1191 2984 opibus

237 2992 337 3053 dirarae
347 2993 382 3051 ad
392 2991 793 3054 luminarium&sabricarum
804 2991 1189 3078 sumptus‚clericoruntque

234 3101 272 3143 ac
283 3103 442 3164 pauperum
454 3084 606 3144 alimenta:
623 3084 667 3144 his
679 3086 766 3144 etiam
783 3083 908 3166 hospitia
924 3085 1052 3165 cujusvis
1068 3090 1188 3169 generis

232 3173 366 3237 fundam.
379 3174 419 3235 Ar
431 3174 511 3236 simul
526 3193 679 3257 coeperunt
694 3176 724 3236 itt
737 3175 969 3240 Christianorum
983 3180 1078 3263 vulgd
1089 3201 1189 3244 mores

235 3270 354 3330 remitti.
372 3267 447 3329 Cum
463 3267 560 3330 secure
577 3269 633 3346 jam
649 3267 829 3331 Christianos
841 3264 899 3330 'elle
917 3272 1021 3333 liceret
1037 3319 1047 3347 ,
1065 3274 1093 3334 id
1107 3276 1192 3338 multi

233 3360 461 3444 profitebantur,
475 3381 534 3423 non
547 3361 655 3423 srncerd
665 3363 700 3425 ad
710 3361 809 3427 Deum
820 3362 971 3438 convers,
982 3384 1036 3426 nec
1046 3367 1187 3448 volupta-

232 3470 296 3514 tum
310 3472 358 3515 nur
373 3455 538 3515 divitiarum
555 3471 747 3537 contemptu,
762 3456 950 3517 bonorumve
964 3455 1186 3541 coelestiumspe

235 3546 309 3607 vere
325 3546 410 3607 dusli.
435 3546 514 3628 Ergo
536 3549 584 3626 qni
599 3549 689 3608 viram
714 3547 748 3607 ad
770 3545 874 3607 Christi
899 3567 1043 3631 praecepta
1064 3552 1188 3632 propius

235 3640 356 3721 exigere
375 3639 551 3699 volucrunt:
571 3640 604 3699 iis
621 3636 777 3699 consultius
795 3639 884 3701 visum
909 3640 950 3702 est
965 3642 1001 3702 ab
1020 3643 1190 3707 hominibus

234 3729 388 3803 secedere,
399 3731 546 3811 vitamque
558 3730 713 3791 solitariam
727 3751 822 3814 agere.
838 3732 1004 3794 Monacffl
1017 3735 1083 3796 didi
1101 3735 1186 3813 sunt,

234 3822 265 3886 id
278 3823 337 3893 esi,
344 3823 474 3904 solitarii.
488 3821 706 3885 Praestantiffimi
720 3825 748 3882 in
763 3823 896 3906 AEgypto
909 3824 1009 3887 fuere:
1023 3829 1072 3888 ubi
1093 3830 1186 3911 coepit

235 3915 386 3977 Antonius
397 3936 449 3977 eos
469 3916 505 3976 ad
521 3914 688 3977 conviilnm
713 3917 882 3991 adducere,
900 3917 1139 4000 frequentiusque
1157 3921 1187 3983 id

172 4069 174 4074 ,
233 4009 306 4068 vitae
319 4028 409 4090 genus
424 4009 559 4082 reddere,
572 4009 650 4089 quod
662 4010 697 4068 ab
711 4007 833 4069 Ecclesia
845 4011 963 4071 condita
978 4014 1111 4074 nonnulli
1124 4016 1184 4094 pri·

234 4101 326 4160 vatim
342 4102 505 4161 traditumd
522 4100 680 4180 majoribus
693 4097 852 4161 servassent.
871 4101 997 4163 Fuerant
1009 4106 1087 4166 enim
1107 4103 1182 4167 sern-

233 4210 288 4275 pet
299 4190 471 4260 Christiani,
485 4194 532 4272 qni
543 4194 606 4273 qud
618 4192 716 4254 Deum
727 4191 880 4273 persensus
889 4196 1180 4277 colerent5asperarn

234 4284 266 4344 nr
289 4283 428 4342 secretam
447 4286 536 4343 vitam
551 4286 694 4347 ducebant
709 4331 718 4358 ,
738 4286 881 4354 Joanuem
898 4287 1049 4369 Baptistam
1067 4292 1095 4350 dr
1110 4290 1183 4352 Pro·

232 4376 337 4459 phetas
351 4374 463 4441 inritati.
481 4375 582 4466 Vaiias
595 4377 764 4449 solitudines
781 4379 950 4457 incolebant
964 4381 1129 4461 Monachi,
1148 4385 1184 4465 in
