<?xml version="1.0" encoding="UTF-8"?>
<!DOCTYPE html PUBLIC "-//W3C//DTD XHTML 1.0 Transitional//EN"
    "http://www.w3.org/TR/xhtml1/DTD/xhtml1-transitional.dtd">
<html xmlns="http://www.w3.org/1999/xhtml" xml:lang="en" lang="en">
 <head>
  <title>
</title>
<meta http-equiv="Content-Type" content="text/html;charset=utf-8" />
  <meta name='ocr-system' content='tesseract 3.04.00' />
  <meta name='ocr-capabilities' content='ocr_page ocr_carea ocr_par ocr_line ocrx_word'/>
</head>
<body>
  <div class='ocr_page' id='page_1' title='image "./opuscules01fleugoog/opuscules01fleugoog_0606.png"; bbox 0 0 2572 4958; ppageno 0'>
   <div class='ocr_carea' id='block_1_1' title="bbox 269 618 984 715">
    <p class='ocr_par' dir='ltr' id='par_1_1' title="bbox 269 618 984 715">
     <span class='ocr_line' id='line_1_1' title="bbox 269 618 984 715; baseline -0.004 -25"><span class='ocrx_word' id='word_1_1' title='bbox 269 627 332 715; x_wconf 62' lang='lat' dir='ltr'>„a</span> <span class='ocrx_word' id='word_1_2' title='bbox 510 618 984 687; x_wconf 44' lang='lat' dir='ltr'>wixrosirio:</span> 
     </span>
    </p>
   </div>
   <div class='ocr_carea' id='block_1_2' title="bbox 264 735 1241 1285">
    <p class='ocr_par' dir='ltr' id='par_1_2' title="bbox 264 735 1241 1285">
     <span class='ocr_line' id='line_1_2' title="bbox 265 735 1241 821; baseline 0.004 -20"><span class='ocrx_word' id='word_1_3' title='bbox 265 745 310 804; x_wconf 84' lang='lat' dir='ltr'>tio</span> <span class='ocrx_word' id='word_1_4' title='bbox 327 758 376 803; x_wconf 86' lang='lat' dir='ltr'>aut</span> <span class='ocrx_word' id='word_1_5' title='bbox 391 738 452 812; x_wconf 85' lang='lat' dir='ltr'>vis,</span> <span class='ocrx_word' id='word_1_6' title='bbox 468 735 617 821; x_wconf 73' lang='lat' dir='ltr'>perspicue</span> <span class='ocrx_word' id='word_1_7' title='bbox 637 736 782 810; x_wconf 85' lang='lat' dir='ltr'>ostendit,</span> <span class='ocrx_word' id='word_1_8' title='bbox 803 749 914 817; x_wconf 86' lang='lat' dir='ltr'>praeter</span> <span class='ocrx_word' id='word_1_9' title='bbox 929 737 959 798; x_wconf 89' lang='lat' dir='ltr'>id</span> <span class='ocrx_word' id='word_1_10' title='bbox 981 755 1090 811; x_wconf 89' lang='lat' dir='ltr'>omne,</span> <span class='ocrx_word' id='word_1_11' title='bbox 1103 738 1187 820; x_wconf 84' lang='lat' dir='ltr'>quod</span> <span class='ocrx_word' id='word_1_12' title='bbox 1208 737 1241 806; x_wconf 87' lang='lat' dir='ltr'>in</span> 
     </span>
     <span class='ocr_line' id='line_1_3' title="bbox 265 826 1240 912; baseline -0.001 -16"><span class='ocrx_word' id='word_1_13' title='bbox 265 835 369 896; x_wconf 79' lang='lat' dir='ltr'>animis</span> <span class='ocrx_word' id='word_1_14' title='bbox 379 831 484 895; x_wconf 83' lang='lat' dir='ltr'>nolitis</span> <span class='ocrx_word' id='word_1_15' title='bbox 496 831 593 912; x_wconf 90' lang='lat' dir='ltr'>probo</span> <span class='ocrx_word' id='word_1_16' title='bbox 605 829 731 912; x_wconf 91' lang='lat' dir='ltr'>sanoque</span> <span class='ocrx_word' id='word_1_17' title='bbox 750 826 856 890; x_wconf 68' lang='lat' dir='ltr'>affeliu</span> <span class='ocrx_word' id='word_1_18' title='bbox 873 828 990 892; x_wconf 89' lang='lat' dir='ltr'>efficere</span> <span class='ocrx_word' id='word_1_19' title='bbox 1007 827 1176 912; x_wconf 79' lang='lat' dir='ltr'>possumus,</span> <span class='ocrx_word' id='word_1_20' title='bbox 1189 854 1240 903; x_wconf 51' lang='lat' dir='ltr'>ne·¹</span> 
     </span>
     <span class='ocr_line' id='line_1_4' title="bbox 266 921 1239 1008; baseline 0 -21"><span class='ocrx_word' id='word_1_21' title='bbox 266 925 388 988; x_wconf 82' lang='lat' dir='ltr'>cellario</span> <span class='ocrx_word' id='word_1_22' title='bbox 400 925 436 987; x_wconf 86' lang='lat' dir='ltr'>ad</span> <span class='ocrx_word' id='word_1_23' title='bbox 450 923 576 986; x_wconf 88' lang='lat' dir='ltr'>nollram</span> <span class='ocrx_word' id='word_1_24' title='bbox 586 922 843 985; x_wconf 67' lang='lat' dir='ltr'>sannificaiionem</span> <span class='ocrx_word' id='word_1_25' title='bbox 854 923 985 1002; x_wconf 84' lang='lat' dir='ltr'>requiri,</span> <span class='ocrx_word' id='word_1_26' title='bbox 1001 921 1156 1005; x_wconf 86' lang='lat' dir='ltr'>specialem</span> <span class='ocrx_word' id='word_1_27' title='bbox 1172 925 1239 1008; x_wconf 85' lang='lat' dir='ltr'>Spi-</span> 
     </span>
     <span class='ocr_line' id='line_1_5' title="bbox 264 1014 1235 1098; baseline 0.002 -18"><span class='ocrx_word' id='word_1_28' title='bbox 264 1017 340 1080; x_wconf 82' lang='lat' dir='ltr'>titiis</span> <span class='ocrx_word' id='word_1_29' title='bbox 353 1014 911 1098; x_wconf 67' lang='lat' dir='ltr'>sanliioperationem‚singularemque</span> <span class='ocrx_word' id='word_1_30' title='bbox 927 1016 1103 1079; x_wconf 89' lang='lat' dir='ltr'>meritorum</span> <span class='ocrx_word' id='word_1_31' title='bbox 1123 1016 1235 1082; x_wconf 84' lang='lat' dir='ltr'>Christi</span> 
     </span>
     <span class='ocr_line' id='line_1_6' title="bbox 265 1106 1239 1192; baseline 0 -19"><span class='ocrx_word' id='word_1_32' title='bbox 265 1111 580 1183; x_wconf 81' lang='lat' dir='ltr'>communicationem,</span> <span class='ocrx_word' id='word_1_33' title='bbox 600 1129 666 1192; x_wconf 83' lang='lat' dir='ltr'>quae</span> <span class='ocrx_word' id='word_1_34' title='bbox 676 1109 763 1170; x_wconf 87' lang='lat' dir='ltr'>nobis</span> <span class='ocrx_word' id='word_1_35' title='bbox 779 1127 833 1190; x_wconf 94' lang='lat' dir='ltr'>per</span> <span class='ocrx_word' id='word_1_36' title='bbox 846 1106 1037 1170; x_wconf 83' lang='lat' dir='ltr'>Sacramenta</span> <span class='ocrx_word' id='word_1_37' title='bbox 1049 1109 1239 1174; x_wconf 81' lang='lat' dir='ltr'>demonstra·</span> 
     </span>
     <span class='ocr_line' id='line_1_7' title="bbox 265 1198 1238 1285; baseline 0.001 -20"><span class='ocrx_word' id='word_1_38' title='bbox 265 1219 321 1265; x_wconf 85' lang='lat' dir='ltr'>rur.</span> <span class='ocrx_word' id='word_1_39' title='bbox 334 1204 435 1285; x_wconf 90' lang='lat' dir='ltr'>ltaque</span> <span class='ocrx_word' id='word_1_40' title='bbox 444 1202 588 1285; x_wconf 89' lang='lat' dir='ltr'>repudiari</span> <span class='ocrx_word' id='word_1_41' title='bbox 601 1200 805 1263; x_wconf 74' lang='lat' dir='ltr'>haeedollrina</span> <span class='ocrx_word' id='word_1_42' title='bbox 815 1218 878 1260; x_wconf 92' lang='lat' dir='ltr'>non</span> <span class='ocrx_word' id='word_1_43' title='bbox 888 1200 1001 1283; x_wconf 87' lang='lat' dir='ltr'>potest,</span> <span class='ocrx_word' id='word_1_44' title='bbox 1011 1203 1082 1284; x_wconf 90' lang='lat' dir='ltr'>quin</span> <span class='ocrx_word' id='word_1_45' title='bbox 1096 1203 1127 1263; x_wconf 74' lang='grc' dir='ltr'>δι</span> <span class='ocrx_word' id='word_1_46' title='bbox 1138 1198 1238 1266; x_wconf 86' lang='lat' dir='ltr'>Chris·</span> 
     </span>
    </p>
   </div>
   <div class='ocr_carea' id='block_1_3' title="bbox 77 1286 1237 4487">
    <p class='ocr_par' dir='ltr' id='par_1_3' title="bbox 264 1286 1237 1469">
     <span class='ocr_line' id='line_1_8' title="bbox 266 1286 1237 1381; baseline 0.001 -26"><span class='ocrx_word' id='word_1_47' title='bbox 266 1286 291 1355; x_wconf 85' lang='lat' dir='ltr'>ti</span> <span class='ocrx_word' id='word_1_48' title='bbox 308 1298 418 1357; x_wconf 85' lang='lat' dir='ltr'>meritis</span> <span class='ocrx_word' id='word_1_49' title='bbox 434 1295 464 1355; x_wconf 76' lang='grc' dir='ltr'>δι</span> <span class='ocrx_word' id='word_1_50' title='bbox 482 1295 591 1357; x_wconf 86' lang='lat' dir='ltr'>divitiae</span> <span class='ocrx_word' id='word_1_51' title='bbox 607 1296 638 1356; x_wconf 92' lang='lat' dir='ltr'>in</span> <span class='ocrx_word' id='word_1_52' title='bbox 654 1292 882 1378; x_wconf 85' lang='lat' dir='ltr'>regeneratione</span> <span class='ocrx_word' id='word_1_53' title='bbox 904 1292 1003 1356; x_wconf 66' lang='lat' dir='ltr'>nostrl</span> <span class='ocrx_word' id='word_1_54' title='bbox 1016 1295 1159 1357; x_wconf 82' lang='lat' dir='ltr'>exhibitae</span> <span class='ocrx_word' id='word_1_55' title='bbox 1179 1315 1237 1381; x_wconf 88' lang='lat' dir='ltr'>po·</span> 
     </span>
     <span class='ocr_line' id='line_1_9' title="bbox 264 1387 741 1469; baseline 0.004 -20"><span class='ocrx_word' id='word_1_56' title='bbox 264 1390 367 1450; x_wconf 83' lang='lat' dir='ltr'>tentiae</span> <span class='ocrx_word' id='word_1_57' title='bbox 379 1387 431 1449; x_wconf 86' lang='lat' dir='ltr'>fiat</span> <span class='ocrx_word' id='word_1_58' title='bbox 447 1389 563 1469; x_wconf 84' lang='lat' dir='ltr'>injuria.</span> <span class='ocrx_word' id='word_1_59' title='bbox 737 1392 741 1405; x_wconf 87' lang='lat'>&#39;</span> 
     </span>
    </p>

    <p class='ocr_par' dir='ltr' id='par_1_4' title="bbox 264 1476 1236 2122">
     <span class='ocr_line' id='line_1_10' title="bbox 310 1476 1236 1563; baseline 0.003 -21"><span class='ocrx_word' id='word_1_60' title='bbox 310 1481 397 1563; x_wconf 82' lang='lat' dir='ltr'>Signa</span> <span class='ocrx_word' id='word_1_61' title='bbox 424 1479 555 1543; x_wconf 91' lang='lat' dir='ltr'>sacrosve</span> <span class='ocrx_word' id='word_1_62' title='bbox 579 1481 652 1542; x_wconf 89' lang='lat' dir='ltr'>ritus</span> <span class='ocrx_word' id='word_1_63' title='bbox 674 1479 858 1563; x_wconf 79' lang='lat' dir='ltr'>agnoscimus</span> <span class='ocrx_word' id='word_1_64' title='bbox 882 1479 1010 1544; x_wconf 75' lang='lat' dir='ltr'>omnino</span> <span class='ocrx_word' id='word_1_65' title='bbox 1045 1476 1185 1562; x_wconf 86' lang='lat' dir='ltr'>septem,</span> <span class='ocrx_word' id='word_1_66' title='bbox 1218 1479 1236 1545; x_wconf 71' lang='grc' dir='ltr'>ἂ</span> 
     </span>
     <span class='ocr_line' id='line_1_11' title="bbox 265 1572 1232 1658; baseline 0.004 -24"><span class='ocrx_word' id='word_1_67' title='bbox 265 1572 384 1636; x_wconf 86' lang='lat' dir='ltr'>Christo</span> <span class='ocrx_word' id='word_1_68' title='bbox 397 1572 541 1647; x_wconf 83' lang='lat' dir='ltr'>instituta,</span> <span class='ocrx_word' id='word_1_69' title='bbox 561 1590 594 1635; x_wconf 90' lang='lat' dir='ltr'>ut</span> <span class='ocrx_word' id='word_1_70' title='bbox 604 1574 698 1634; x_wconf 91' lang='lat' dir='ltr'>media</span> <span class='ocrx_word' id='word_1_71' title='bbox 711 1575 880 1648; x_wconf 87' lang='lat' dir='ltr'>ordinaria,</span> <span class='ocrx_word' id='word_1_72' title='bbox 894 1574 1000 1658; x_wconf 84' lang='lat' dir='ltr'>quibus</span> <span class='ocrx_word' id='word_1_73' title='bbox 1017 1591 1118 1635; x_wconf 89' lang='lat' dir='ltr'>novus</span> <span class='ocrx_word' id='word_1_74' title='bbox 1136 1573 1232 1638; x_wconf 87' lang='lat' dir='ltr'>homo</span> 
     </span>
     <span class='ocr_line' id='line_1_12' title="bbox 264 1664 1233 1750; baseline 0.004 -24"><span class='ocrx_word' id='word_1_75' title='bbox 264 1666 296 1727; x_wconf 92' lang='lat' dir='ltr'>in</span> <span class='ocrx_word' id='word_1_76' title='bbox 306 1666 424 1728; x_wconf 89' lang='lat' dir='ltr'>Chtillo</span> <span class='ocrx_word' id='word_1_77' title='bbox 438 1667 602 1748; x_wconf 81' lang='lat' dir='ltr'>regenitus,</span> <span class='ocrx_word' id='word_1_78' title='bbox 625 1664 734 1727; x_wconf 59' lang='lat' dir='ltr'>sununs</span> <span class='ocrx_word' id='word_1_79' title='bbox 746 1668 776 1728; x_wconf 87' lang='lat'>&amp;</span> <span class='ocrx_word' id='word_1_80' title='bbox 791 1667 935 1750; x_wconf 71' lang='lat' dir='ltr'>persellus</span> <span class='ocrx_word' id='word_1_81' title='bbox 945 1666 1061 1728; x_wconf 87' lang='lat' dir='ltr'>evadat.</span> <span class='ocrx_word' id='word_1_82' title='bbox 1073 1664 1158 1747; x_wconf 80' lang='lat' dir='ltr'>Quae</span> <span class='ocrx_word' id='word_1_83' title='bbox 1167 1669 1233 1749; x_wconf 92' lang='lat' dir='ltr'>qui·</span> 
     </span>
     <span class='ocr_line' id='line_1_13' title="bbox 265 1755 1231 1840; baseline 0.003 -21"><span class='ocrx_word' id='word_1_84' title='bbox 265 1761 329 1820; x_wconf 88' lang='lat' dir='ltr'>dem</span> <span class='ocrx_word' id='word_1_85' title='bbox 340 1760 356 1821; x_wconf 68' lang='lat' dir='ltr'>ii</span> <span class='ocrx_word' id='word_1_86' title='bbox 366 1759 436 1822; x_wconf 91' lang='lat' dir='ltr'>Deo</span> <span class='ocrx_word' id='word_1_87' title='bbox 447 1758 573 1820; x_wconf 84' lang='lat' dir='ltr'>instituta</span> <span class='ocrx_word' id='word_1_88' title='bbox 586 1755 643 1820; x_wconf 84' lang='lat' dir='ltr'>else</span> <span class='ocrx_word' id='word_1_89' title='bbox 652 1758 812 1840; x_wconf 86' lang='lat' dir='ltr'>Scriptutae</span> <span class='ocrx_word' id='word_1_90' title='bbox 823 1760 995 1833; x_wconf 86' lang='lat' dir='ltr'>ostendunt,</span> <span class='ocrx_word' id='word_1_91' title='bbox 1007 1778 1057 1819; x_wconf 88' lang='lat' dir='ltr'>aur</span> <span class='ocrx_word' id='word_1_92' title='bbox 1071 1757 1231 1822; x_wconf 83' lang='lat' dir='ltr'>instituen-</span> 
     </span>
     <span class='ocr_line' id='line_1_14' title="bbox 264 1828 1230 1936; baseline 0.001 -23"><span class='ocrx_word' id='word_1_93' title='bbox 264 1828 527 1914; x_wconf 78' lang='lat' dir='ltr'>tisChristiverbis</span> <span class='ocrx_word' id='word_1_94' title='bbox 539 1850 695 1933; x_wconf 84' lang='lat' dir='ltr'>expressis,</span> <span class='ocrx_word' id='word_1_95' title='bbox 716 1870 765 1913; x_wconf 92' lang='lat' dir='ltr'>aut</span> <span class='ocrx_word' id='word_1_96' title='bbox 780 1854 872 1936; x_wconf 68' lang='lat' dir='ltr'>gratia</span> <span class='ocrx_word' id='word_1_97' title='bbox 895 1874 984 1936; x_wconf 87' lang='lat' dir='ltr'>quam</span> <span class='ocrx_word' id='word_1_98' title='bbox 1007 1853 1113 1913; x_wconf 88' lang='lat' dir='ltr'>eadem</span> <span class='ocrx_word' id='word_1_99' title='bbox 1128 1853 1230 1935; x_wconf 80' lang='lat' dir='ltr'>Serip-</span> 
     </span>
     <span class='ocr_line' id='line_1_15' title="bbox 265 1941 1232 2029; baseline 0.001 -22"><span class='ocrx_word' id='word_1_100' title='bbox 265 1961 330 2007; x_wconf 86' lang='lat' dir='ltr'>turi</span> <span class='ocrx_word' id='word_1_101' title='bbox 339 1947 395 2007; x_wconf 87' lang='lat' dir='ltr'>illis</span> <span class='ocrx_word' id='word_1_102' title='bbox 410 1965 554 2024; x_wconf 80' lang='lat' dir='ltr'>annexam</span> <span class='ocrx_word' id='word_1_103' title='bbox 571 1946 696 2019; x_wconf 85' lang='lat' dir='ltr'>docear,</span> <span class='ocrx_word' id='word_1_104' title='bbox 715 1966 839 2029; x_wconf 80' lang='lat' dir='ltr'>quaeque</span> <span class='ocrx_word' id='word_1_105' title='bbox 859 1945 923 2008; x_wconf 89' lang='lat' dir='ltr'>Dei</span> <span class='ocrx_word' id='word_1_106' title='bbox 939 1946 1108 2007; x_wconf 87' lang='lat' dir='ltr'>mandatum</span> <span class='ocrx_word' id='word_1_107' title='bbox 1130 1941 1232 2009; x_wconf 86' lang='lat' dir='ltr'>ueces-</span> 
     </span>
     <span class='ocr_line' id='line_1_16' title="bbox 265 2036 515 2122; baseline -0.008 -22"><span class='ocrx_word' id='word_1_108' title='bbox 265 2036 341 2100; x_wconf 79' lang='lat' dir='ltr'>sariti</span> <span class='ocrx_word' id='word_1_109' title='bbox 362 2038 515 2122; x_wconf 88' lang='lat' dir='ltr'>supponat.</span> 
     </span>
    </p>

    <p class='ocr_par' dir='ltr' id='par_1_5' title="bbox 83 2127 1235 2583">
     <span class='ocr_line' id='line_1_17' title="bbox 83 2127 1234 2216; baseline -0.001 -21"><span class='ocrx_word' id='word_1_110' title='bbox 83 2141 235 2212; x_wconf 73' lang='lat' dir='ltr'>Baptismus.</span> <span class='ocrx_word' id='word_1_111' title='bbox 311 2130 389 2193; x_wconf 88' lang='lat' dir='ltr'>Citm</span> <span class='ocrx_word' id='word_1_112' title='bbox 402 2130 527 2192; x_wconf 82' lang='lat' dir='ltr'>insanies</span> <span class='ocrx_word' id='word_1_113' title='bbox 540 2129 623 2211; x_wconf 90' lang='lat' dir='ltr'>pueri</span> <span class='ocrx_word' id='word_1_114' title='bbox 635 2127 771 2211; x_wconf 85' lang='lat' dir='ltr'>Baptismi</span> <span class='ocrx_word' id='word_1_115' title='bbox 783 2129 929 2192; x_wconf 77' lang='lat' dir='ltr'>deseslum</span> <span class='ocrx_word' id='word_1_116' title='bbox 938 2178 947 2207; x_wconf 95' lang='lat'>,</span> <span class='ocrx_word' id='word_1_117' title='bbox 957 2128 1103 2193; x_wconf 87' lang='lat' dir='ltr'>necFidei</span> <span class='ocrx_word' id='word_1_118' title='bbox 1119 2130 1207 2216; x_wconf 84' lang='lat' dir='ltr'>,Spei</span> <span class='ocrx_word' id='word_1_119' title='bbox 1223 2139 1234 2208; x_wconf 86' lang='lat'>,&#39;</span> 
     </span>
     <span class='ocr_line' id='line_1_18' title="bbox 265 2221 1235 2309; baseline 0.001 -23"><span class='ocrx_word' id='word_1_120' title='bbox 265 2221 461 2286; x_wconf 73' lang='lat' dir='ltr'>charitatisve</span> <span class='ocrx_word' id='word_1_121' title='bbox 479 2222 607 2296; x_wconf 69' lang='lat' dir='ltr'>aclibus,</span> <span class='ocrx_word' id='word_1_122' title='bbox 620 2240 674 2282; x_wconf 89' lang='lat' dir='ltr'>nee</span> <span class='ocrx_word' id='word_1_123' title='bbox 689 2240 765 2283; x_wconf 91' lang='lat' dir='ltr'>voto</span> <span class='ocrx_word' id='word_1_124' title='bbox 778 2222 961 2287; x_wconf 75' lang='lat' dir='ltr'>sacramenti</span> <span class='ocrx_word' id='word_1_125' title='bbox 979 2222 1155 2306; x_wconf 90' lang='lat' dir='ltr'>suscipiendi</span> <span class='ocrx_word' id='word_1_126' title='bbox 1170 2224 1235 2309; x_wconf 89' lang='lat' dir='ltr'>sup·</span> 
     </span>
     <span class='ocr_line' id='line_1_19' title="bbox 265 2314 1232 2400; baseline 0.003 -23"><span class='ocrx_word' id='word_1_127' title='bbox 265 2314 459 2400; x_wconf 88' lang='lat' dir='ltr'>plerepoffint</span> <span class='ocrx_word' id='word_1_128' title='bbox 472 2315 526 2388; x_wconf 86' lang='lat' dir='ltr'>3ad</span> <span class='ocrx_word' id='word_1_129' title='bbox 538 2333 591 2375; x_wconf 87' lang='lat' dir='ltr'>eos</span> <span class='ocrx_word' id='word_1_130' title='bbox 600 2314 764 2390; x_wconf 83' lang='lat' dir='ltr'>eredimus,</span> <span class='ocrx_word' id='word_1_131' title='bbox 777 2315 829 2377; x_wconf 87' lang='lat' dir='ltr'>nisi</span> <span class='ocrx_word' id='word_1_132' title='bbox 844 2336 876 2380; x_wconf 89' lang='lat' dir='ltr'>re</span> <span class='ocrx_word' id='word_1_133' title='bbox 898 2317 969 2379; x_wconf 90' lang='lat' dir='ltr'>illud</span> <span class='ocrx_word' id='word_1_134' title='bbox 981 2316 1043 2400; x_wconf 66' lang='lat' dir='ltr'>ipsi</span> <span class='ocrx_word' id='word_1_135' title='bbox 1057 2315 1232 2400; x_wconf 85' lang='lat' dir='ltr'>suscipiant,</span> 
     </span>
     <span class='ocr_line' id='line_1_20' title="bbox 264 2407 1234 2493; baseline 0.005 -23"><span class='ocrx_word' id='word_1_136' title='bbox 264 2409 349 2470; x_wconf 91' lang='lat' dir='ltr'>nullo</span> <span class='ocrx_word' id='word_1_137' title='bbox 360 2410 451 2471; x_wconf 88' lang='lat' dir='ltr'>modo</span> <span class='ocrx_word' id='word_1_138' title='bbox 462 2407 806 2491; x_wconf 87' lang='lat' dir='ltr'>redemptionisgratiam</span> <span class='ocrx_word' id='word_1_139' title='bbox 825 2411 1001 2493; x_wconf 88' lang='lat' dir='ltr'>pervenire,</span> <span class='ocrx_word' id='word_1_140' title='bbox 1015 2427 1105 2492; x_wconf 88' lang='lat' dir='ltr'>atque</span> <span class='ocrx_word' id='word_1_141' title='bbox 1122 2411 1234 2475; x_wconf 74' lang='lat' dir='ltr'>ideoiu</span> 
     </span>
     <span class='ocr_line' id='line_1_21' title="bbox 265 2502 1165 2583; baseline 0.002 -19"><span class='ocrx_word' id='word_1_142' title='bbox 265 2502 384 2565; x_wconf 84' lang='lat' dir='ltr'>Adamo</span> <span class='ocrx_word' id='word_1_143' title='bbox 398 2503 558 2564; x_wconf 86' lang='lat' dir='ltr'>morientes</span> <span class='ocrx_word' id='word_1_144' title='bbox 571 2517 682 2583; x_wconf 89' lang='lat' dir='ltr'>partem</span> <span class='ocrx_word' id='word_1_145' title='bbox 695 2504 802 2564; x_wconf 89' lang='lat' dir='ltr'>habere</span> <span class='ocrx_word' id='word_1_146' title='bbox 821 2523 887 2565; x_wconf 90' lang='lat' dir='ltr'>cum</span> <span class='ocrx_word' id='word_1_147' title='bbox 909 2502 1029 2565; x_wconf 89' lang='lat' dir='ltr'>Christo</span> <span class='ocrx_word' id='word_1_148' title='bbox 1044 2504 1165 2566; x_wconf 87' lang='lat' dir='ltr'>nullam.</span> 
     </span>
    </p>

    <p class='ocr_par' dir='ltr' id='par_1_6' title="bbox 266 2593 1234 3042">
     <span class='ocr_line' id='line_1_22' title="bbox 313 2593 1233 2679; baseline 0.005 -22"><span class='ocrx_word' id='word_1_149' title='bbox 313 2595 413 2678; x_wconf 80' lang='lat' dir='ltr'>Atque</span> <span class='ocrx_word' id='word_1_150' title='bbox 435 2595 482 2657; x_wconf 87' lang='lat' dir='ltr'>lile</span> <span class='ocrx_word' id='word_1_151' title='bbox 504 2593 660 2655; x_wconf 88' lang='lat' dir='ltr'>observatu</span> <span class='ocrx_word' id='word_1_152' title='bbox 683 2595 802 2678; x_wconf 88' lang='lat' dir='ltr'>dignum</span> <span class='ocrx_word' id='word_1_153' title='bbox 820 2594 879 2669; x_wconf 85' lang='lat' dir='ltr'>est,</span> <span class='ocrx_word' id='word_1_154' title='bbox 918 2597 1103 2659; x_wconf 88' lang='lat' dir='ltr'>Lutheranos</span> <span class='ocrx_word' id='word_1_155' title='bbox 1123 2599 1233 2679; x_wconf 83' lang='lat' dir='ltr'>pariter</span> 
     </span>
     <span class='ocr_line' id='line_1_23' title="bbox 266 2688 1233 2771; baseline 0.003 -20"><span class='ocrx_word' id='word_1_156' title='bbox 266 2710 333 2752; x_wconf 89' lang='lat' dir='ltr'>cum</span> <span class='ocrx_word' id='word_1_157' title='bbox 351 2689 476 2751; x_wconf 72' lang='lat' dir='ltr'>Ecclesia</span> <span class='ocrx_word' id='word_1_158' title='bbox 499 2688 655 2749; x_wconf 70' lang='lat' dir='ltr'>Catholici</span> <span class='ocrx_word' id='word_1_159' title='bbox 677 2691 817 2762; x_wconf 90' lang='lat' dir='ltr'>credere,</span> <span class='ocrx_word' id='word_1_160' title='bbox 831 2689 1033 2750; x_wconf 90' lang='lat' dir='ltr'>omnimodam</span> <span class='ocrx_word' id='word_1_161' title='bbox 1053 2690 1082 2749; x_wconf 91' lang='lat' dir='ltr'>in</span> <span class='ocrx_word' id='word_1_162' title='bbox 1100 2692 1233 2771; x_wconf 74' lang='lat' dir='ltr'>parvulis</span> 
     </span>
     <span class='ocr_line' id='line_1_24' title="bbox 266 2779 1233 2865; baseline 0.002 -21"><span class='ocrx_word' id='word_1_163' title='bbox 266 2782 403 2865; x_wconf 90' lang='lat' dir='ltr'>Baptismi</span> <span class='ocrx_word' id='word_1_164' title='bbox 420 2779 613 2846; x_wconf 81' lang='lat' dir='ltr'>necessitatem</span> <span class='ocrx_word' id='word_1_165' title='bbox 631 2802 640 2854; x_wconf 83' lang='lat'>3</span> <span class='ocrx_word' id='word_1_166' title='bbox 659 2782 826 2863; x_wconf 88' lang='lat' dir='ltr'>pariterque</span> <span class='ocrx_word' id='word_1_167' title='bbox 844 2782 944 2844; x_wconf 90' lang='lat' dir='ltr'>mirari</span> <span class='ocrx_word' id='word_1_168' title='bbox 954 2799 1095 2864; x_wconf 89' lang='lat' dir='ltr'>negatum</span> <span class='ocrx_word' id='word_1_169' title='bbox 1112 2784 1141 2844; x_wconf 94' lang='lat' dir='ltr'>id</span> <span class='ocrx_word' id='word_1_170' title='bbox 1158 2782 1233 2861; x_wconf 89' lang='lat' dir='ltr'>esse,</span> 
     </span>
     <span class='ocr_line' id='line_1_25' title="bbox 267 2872 1233 2956; baseline 0.002 -20"><span class='ocrx_word' id='word_1_171' title='bbox 267 2877 348 2956; x_wconf 88' lang='lat' dir='ltr'>quotl</span> <span class='ocrx_word' id='word_1_172' title='bbox 358 2877 450 2937; x_wconf 91' lang='lat' dir='ltr'>homo</span> <span class='ocrx_word' id='word_1_173' title='bbox 465 2890 532 2937; x_wconf 88' lang='lat' dir='ltr'>ante</span> <span class='ocrx_word' id='word_1_174' title='bbox 549 2872 705 2935; x_wconf 85' lang='lat' dir='ltr'>Calvinum</span> <span class='ocrx_word' id='word_1_175' title='bbox 718 2894 806 2937; x_wconf 89' lang='lat' dir='ltr'>nemo</span> <span class='ocrx_word' id='word_1_176' title='bbox 820 2873 903 2936; x_wconf 81' lang='lat' dir='ltr'>ausus</span> <span class='ocrx_word' id='word_1_177' title='bbox 916 2891 980 2936; x_wconf 91' lang='lat' dir='ltr'>erat</span> <span class='ocrx_word' id='word_1_178' title='bbox 995 2877 1024 2934; x_wconf 90' lang='lat' dir='ltr'>in</span> <span class='ocrx_word' id='word_1_179' title='bbox 1044 2875 1167 2938; x_wconf 87' lang='lat' dir='ltr'>dubium</span> <span class='ocrx_word' id='word_1_180' title='bbox 1181 2877 1233 2938; x_wconf 89' lang='lat' dir='ltr'>ad·</span> 
     </span>
     <span class='ocr_line' id='line_1_26' title="bbox 268 2964 1234 3042; baseline 0.007 -15"><span class='ocrx_word' id='word_1_181' title='bbox 268 2969 374 3029; x_wconf 85' lang='lat' dir='ltr'>ducere</span> <span class='ocrx_word' id='word_1_182' title='bbox 385 2967 479 3042; x_wconf 77' lang='lat' dir='ltr'>,adeo</span> <span class='ocrx_word' id='word_1_183' title='bbox 494 2964 750 3029; x_wconf 83' lang='lat' dir='ltr'>firmitetlidelium</span> <span class='ocrx_word' id='word_1_184' title='bbox 760 2969 891 3029; x_wconf 91' lang='lat' dir='ltr'>omnium</span> <span class='ocrx_word' id='word_1_185' title='bbox 901 2968 1046 3029; x_wconf 88' lang='lat' dir='ltr'>mentibus</span> <span class='ocrx_word' id='word_1_186' title='bbox 1056 2968 1234 3035; x_wconf 70' lang='lat' dir='ltr'>inhaerebat.</span> 
     </span>
    </p>

    <p class='ocr_par' dir='ltr' id='par_1_7' title="bbox 253 3058 1234 3495">
     <span class='ocr_line' id='line_1_27' title="bbox 315 3058 1234 3146; baseline 0.004 -26"><span class='ocrx_word' id='word_1_187' title='bbox 315 3061 386 3121; x_wconf 93' lang='lat' dir='ltr'>Non</span> <span class='ocrx_word' id='word_1_188' title='bbox 395 3075 535 3120; x_wconf 90' lang='lat' dir='ltr'>vetentur</span> <span class='ocrx_word' id='word_1_189' title='bbox 546 3076 642 3118; x_wconf 87' lang='lat' dir='ltr'>rameii</span> <span class='ocrx_word' id='word_1_190' title='bbox 653 3105 663 3132; x_wconf 93' lang='lat'>,</span> <span class='ocrx_word' id='word_1_191' title='bbox 675 3061 724 3140; x_wconf 90' lang='lat' dir='ltr'>qui</span> <span class='ocrx_word' id='word_1_192' title='bbox 739 3058 903 3121; x_wconf 87' lang='lat' dir='ltr'>Resormati</span> <span class='ocrx_word' id='word_1_193' title='bbox 917 3061 1071 3135; x_wconf 89' lang='lat' dir='ltr'>dicuntur,</span> <span class='ocrx_word' id='word_1_194' title='bbox 1084 3060 1153 3123; x_wconf 88' lang='lat' dir='ltr'>suos</span> <span class='ocrx_word' id='word_1_195' title='bbox 1163 3085 1234 3146; x_wconf 88' lang='lat' dir='ltr'>,pe-</span> 
     </span>
     <span class='ocr_line' id='line_1_28' title="bbox 266 3150 1232 3236; baseline 0.004 -22"><span class='ocrx_word' id='word_1_196' title='bbox 266 3152 351 3214; x_wconf 87' lang='lat' dir='ltr'>rinde</span> <span class='ocrx_word' id='word_1_197' title='bbox 371 3172 458 3234; x_wconf 89' lang='lat' dir='ltr'>arque</span> <span class='ocrx_word' id='word_1_198' title='bbox 476 3150 636 3211; x_wconf 87' lang='lat' dir='ltr'>infidelium</span> <span class='ocrx_word' id='word_1_199' title='bbox 650 3151 777 3227; x_wconf 82' lang='lat' dir='ltr'>liberos,</span> <span class='ocrx_word' id='word_1_200' title='bbox 797 3152 875 3215; x_wconf 74' lang='lat' dir='ltr'>nulli</span> <span class='ocrx_word' id='word_1_201' title='bbox 887 3151 1040 3236; x_wconf 88' lang='lat' dir='ltr'>insignitos</span> <span class='ocrx_word' id='word_1_202' title='bbox 1053 3152 1232 3219; x_wconf 78' lang='lat' dir='ltr'>Christianae</span> 
     </span>
     <span class='ocr_line' id='line_1_29' title="bbox 267 3243 1231 3329; baseline 0.005 -21"><span class='ocrx_word' id='word_1_203' title='bbox 267 3245 420 3329; x_wconf 84' lang='lat' dir='ltr'>religionis</span> <span class='ocrx_word' id='word_1_204' title='bbox 437 3245 524 3317; x_wconf 76' lang='lat' dir='ltr'>notai,</span> <span class='ocrx_word' id='word_1_205' title='bbox 545 3243 624 3305; x_wconf 68' lang='lat' dir='ltr'>nulli</span> <span class='ocrx_word' id='word_1_206' title='bbox 646 3243 711 3323; x_wconf 82' lang='lat' dir='ltr'>ejus</span> <span class='ocrx_word' id='word_1_207' title='bbox 736 3245 829 3327; x_wconf 72' lang='lat' dir='ltr'>gratia</span> <span class='ocrx_word' id='word_1_208' title='bbox 854 3246 1001 3320; x_wconf 88' lang='lat' dir='ltr'>munitos,</span> <span class='ocrx_word' id='word_1_209' title='bbox 1026 3243 1136 3328; x_wconf 74' lang='lat' dir='ltr'>sponte</span> <span class='ocrx_word' id='word_1_210' title='bbox 1153 3251 1231 3312; x_wconf 86' lang='lat' dir='ltr'>mori</span> 
     </span>
     <span class='ocr_line' id='line_1_30' title="bbox 269 3335 1231 3426; baseline 0.006 -27"><span class='ocrx_word' id='word_1_211' title='bbox 269 3338 380 3414; x_wconf 88' lang='lat' dir='ltr'>sinete,</span> <span class='ocrx_word' id='word_1_212' title='bbox 405 3337 516 3401; x_wconf 74' lang='lat' dir='ltr'>siforte</span> <span class='ocrx_word' id='word_1_213' title='bbox 530 3335 667 3399; x_wconf 72' lang='lat' dir='ltr'>inditum</span> <span class='ocrx_word' id='word_1_214' title='bbox 689 3339 884 3400; x_wconf 85' lang='lat' dir='ltr'>conventibus</span> <span class='ocrx_word' id='word_1_215' title='bbox 895 3337 950 3400; x_wconf 82' lang='lat' dir='ltr'>suis</span> <span class='ocrx_word' id='word_1_216' title='bbox 965 3338 1041 3400; x_wconf 87' lang='lat' dir='ltr'>diem</span> <span class='ocrx_word' id='word_1_217' title='bbox 1054 3359 1139 3404; x_wconf 85' lang='lat' dir='ltr'>mors</span> <span class='ocrx_word' id='word_1_218' title='bbox 1153 3363 1231 3426; x_wconf 52' lang='lat' dir='ltr'>praef</span> 
     </span>
     <span class='ocr_line' id='line_1_31' title="bbox 253 3435 379 3495; baseline 0.024 -3"><span class='ocrx_word' id='word_1_219' title='bbox 253 3435 379 3495; x_wconf 78' lang='lat' dir='ltr'>¹veniat¹</span> 
     </span>
    </p>

    <p class='ocr_par' dir='ltr' id='par_1_8' title="bbox 77 3521 1230 3608">
     <span class='ocr_line' id='line_1_32' title="bbox 77 3521 1230 3608; baseline 0.009 -25"><span class='ocrx_word' id='word_1_220' title='bbox 77 3529 251 3583; x_wconf 70' lang='lat' dir='ltr'>Confirmatio·</span> <span class='ocrx_word' id='word_1_221' title='bbox 317 3525 394 3588; x_wconf 84' lang='lat' dir='ltr'>Ciim</span> <span class='ocrx_word' id='word_1_222' title='bbox 416 3524 609 3607; x_wconf 77' lang='lat' dir='ltr'>impositionis</span> <span class='ocrx_word' id='word_1_223' title='bbox 629 3543 765 3586; x_wconf 89' lang='lat' dir='ltr'>manuum</span> <span class='ocrx_word' id='word_1_224' title='bbox 778 3522 903 3587; x_wconf 74' lang='lat' dir='ltr'>allanslis</span> <span class='ocrx_word' id='word_1_225' title='bbox 916 3521 1086 3608; x_wconf 84' lang='lat' dir='ltr'>Apostolis,</span> <span class='ocrx_word' id='word_1_226' title='bbox 1104 3528 1142 3590; x_wconf 87' lang='lat' dir='ltr'>ad</span> <span class='ocrx_word' id='word_1_227' title='bbox 1156 3548 1230 3592; x_wconf 86' lang='lat' dir='ltr'>corr·</span> 
     </span>
    </p>

    <p class='ocr_par' dir='ltr' id='par_1_9' title="bbox 79 3600 1229 3717">
     <span class='ocr_line' id='line_1_33' title="bbox 79 3600 1229 3717; baseline 0.004 -37"><span class='ocrx_word' id='word_1_228' title='bbox 79 3600 177 3717; x_wconf 39' lang='lat' dir='ltr'>im·</span> <span class='ocrx_word' id='word_1_229' title='bbox 193 3601 217 3652; x_wconf 67' lang='lat'>⁸⁴</span> <span class='ocrx_word' id='word_1_230' title='bbox 231 3614 255 3650; x_wconf 51' lang='grc' dir='ltr'>ν·</span> <span class='ocrx_word' id='word_1_231' title='bbox 272 3617 430 3681; x_wconf 81' lang='lat' dir='ltr'>firmandos</span> <span class='ocrx_word' id='word_1_232' title='bbox 440 3618 579 3680; x_wconf 75' lang='lat' dir='ltr'>adversus</span> <span class='ocrx_word' id='word_1_233' title='bbox 590 3617 805 3698; x_wconf 86' lang='lat' dir='ltr'>persecutiones</span> <span class='ocrx_word' id='word_1_234' title='bbox 817 3618 947 3681; x_wconf 86' lang='lat' dir='ltr'>fidelium</span> <span class='ocrx_word' id='word_1_235' title='bbox 959 3619 1094 3693; x_wconf 86' lang='lat' dir='ltr'>animos,</span> <span class='ocrx_word' id='word_1_236' title='bbox 1109 3623 1229 3685; x_wconf 84' lang='lat' dir='ltr'>adhibe·</span> 
     </span>
    </p>

    <p class='ocr_par' dir='ltr' id='par_1_10' title="bbox 96 3680 1228 3793">
     <span class='ocr_line' id='line_1_34' title="bbox 96 3680 1228 3793; baseline 0.002 -18"><span class='ocrx_word' id='word_1_237' title='bbox 96 3680 120 3728; x_wconf 68' lang='lat'>⁵&#39;</span> <span class='ocrx_word' id='word_1_238' title='bbox 134 3684 173 3734; x_wconf 58' lang='grc' dir='ltr'>η’</span> <span class='ocrx_word' id='word_1_239' title='bbox 272 3713 418 3787; x_wconf 80' lang='lat' dir='ltr'>risolitae‚</span> <span class='ocrx_word' id='word_1_240' title='bbox 432 3712 455 3770; x_wconf 88' lang='lat' dir='ltr'>is</span> <span class='ocrx_word' id='word_1_241' title='bbox 467 3709 615 3793; x_wconf 75' lang='lat' dir='ltr'>praecipue</span> <span class='ocrx_word' id='word_1_242' title='bbox 635 3708 753 3772; x_wconf 75' lang='lat' dir='ltr'>elsellus</span> <span class='ocrx_word' id='word_1_243' title='bbox 766 3710 800 3771; x_wconf 91' lang='lat' dir='ltr'>sit</span> <span class='ocrx_word' id='word_1_244' title='bbox 810 3730 861 3785; x_wconf 93' lang='lat' dir='ltr'>,ut</span> <span class='ocrx_word' id='word_1_245' title='bbox 880 3711 1003 3793; x_wconf 86' lang='lat' dir='ltr'>Spiritus</span> <span class='ocrx_word' id='word_1_246' title='bbox 1016 3711 1138 3777; x_wconf 77' lang='lat' dir='ltr'>§anetus</span> <span class='ocrx_word' id='word_1_247' title='bbox 1150 3715 1228 3776; x_wconf 90' lang='lat' dir='ltr'>inte·</span> 
     </span>
    </p>

    <p class='ocr_par' dir='ltr' id='par_1_11' title="bbox 102 3801 1229 4487">
     <span class='ocr_line' id='line_1_35' title="bbox 271 3801 1229 3883; baseline 0.005 -17"><span class='ocrx_word' id='word_1_248' title='bbox 271 3806 332 3866; x_wconf 87' lang='lat' dir='ltr'>tiiis</span> <span class='ocrx_word' id='word_1_249' title='bbox 343 3805 492 3877; x_wconf 89' lang='lat' dir='ltr'>illabatur,</span> <span class='ocrx_word' id='word_1_250' title='bbox 502 3801 607 3883; x_wconf 87' lang='lat' dir='ltr'>suaque</span> <span class='ocrx_word' id='word_1_251' title='bbox 618 3803 753 3864; x_wconf 89' lang='lat' dir='ltr'>infundat</span> <span class='ocrx_word' id='word_1_252' title='bbox 771 3804 851 3867; x_wconf 87' lang='lat' dir='ltr'>dona</span> <span class='ocrx_word' id='word_1_253' title='bbox 863 3826 873 3880; x_wconf 84' lang='lat'>3</span> <span class='ocrx_word' id='word_1_254' title='bbox 885 3824 924 3867; x_wconf 91' lang='lat' dir='ltr'>eo</span> <span class='ocrx_word' id='word_1_255' title='bbox 937 3805 1041 3866; x_wconf 91' lang='lat' dir='ltr'>colore</span> <span class='ocrx_word' id='word_1_256' title='bbox 1053 3824 1115 3867; x_wconf 91' lang='lat' dir='ltr'>non</span> <span class='ocrx_word' id='word_1_257' title='bbox 1129 3807 1229 3871; x_wconf 83' lang='lat' dir='ltr'>debuit</span> 
     </span>
     <span class='ocr_line' id='line_1_36' title="bbox 271 3895 1228 3980; baseline 0.004 -21"><span class='ocrx_word' id='word_1_258' title='bbox 271 3898 308 3959; x_wconf 83' lang='lat' dir='ltr'>ab</span> <span class='ocrx_word' id='word_1_259' title='bbox 320 3895 490 3957; x_wconf 84' lang='lat' dir='ltr'>adversariis</span> <span class='ocrx_word' id='word_1_260' title='bbox 500 3896 580 3972; x_wconf 81' lang='lat' dir='ltr'>rejici</span> <span class='ocrx_word' id='word_1_261' title='bbox 590 3941 598 3968; x_wconf 85' lang='lat'>,</span> <span class='ocrx_word' id='word_1_262' title='bbox 608 3896 688 3975; x_wconf 77' lang='lat' dir='ltr'>quod</span> <span class='ocrx_word' id='word_1_263' title='bbox 699 3896 798 3975; x_wconf 87' lang='lat' dir='ltr'>jamin</span> <span class='ocrx_word' id='word_1_264' title='bbox 811 3918 866 3960; x_wconf 91' lang='lat' dir='ltr'>nos</span> <span class='ocrx_word' id='word_1_265' title='bbox 874 3898 999 3980; x_wconf 87' lang='lat' dir='ltr'>Spiritus</span> <span class='ocrx_word' id='word_1_266' title='bbox 1010 3897 1132 3963; x_wconf 72' lang='lat' dir='ltr'>Sanclus</span> <span class='ocrx_word' id='word_1_267' title='bbox 1141 3901 1228 3964; x_wconf 88' lang='lat' dir='ltr'>cons·</span> 
     </span>
     <span class='ocr_line' id='line_1_37' title="bbox 270 3988 1227 4072; baseline 0.007 -23"><span class='ocrx_word' id='word_1_268' title='bbox 270 3993 370 4072; x_wconf 79' lang='lat' dir='ltr'>plinus</span> <span class='ocrx_word' id='word_1_269' title='bbox 383 4009 443 4048; x_wconf 92' lang='lat' dir='ltr'>non</span> <span class='ocrx_word' id='word_1_270' title='bbox 457 3988 618 4050; x_wconf 84' lang='lat' dir='ltr'>descendat.</span> <span class='ocrx_word' id='word_1_271' title='bbox 629 3988 729 4071; x_wconf 85' lang='lat' dir='ltr'>Itaque</span> <span class='ocrx_word' id='word_1_272' title='bbox 742 3988 914 4053; x_wconf 84' lang='lat' dir='ltr'>Clirillianae</span> <span class='ocrx_word' id='word_1_273' title='bbox 923 3991 1001 4052; x_wconf 88' lang='lat' dir='ltr'>illam</span> <span class='ocrx_word' id='word_1_274' title='bbox 1012 3989 1150 4054; x_wconf 84' lang='lat' dir='ltr'>Ecclesiae</span> <span class='ocrx_word' id='word_1_275' title='bbox 1164 4014 1227 4056; x_wconf 85' lang='lat' dir='ltr'>om·</span> 
     </span>
     <span class='ocr_line' id='line_1_38' title="bbox 270 4080 1227 4167; baseline 0.007 -25"><span class='ocrx_word' id='word_1_276' title='bbox 270 4102 336 4154; x_wconf 77' lang='lat' dir='ltr'>nes,</span> <span class='ocrx_word' id='word_1_277' title='bbox 352 4085 408 4160; x_wconf 82' lang='lat' dir='ltr'>jani</span> <span class='ocrx_word' id='word_1_278' title='bbox 426 4082 493 4143; x_wconf 91' lang='lat' dir='ltr'>inde</span> <span class='ocrx_word' id='word_1_279' title='bbox 508 4081 543 4141; x_wconf 87' lang='lat' dir='ltr'>ab</span> <span class='ocrx_word' id='word_1_280' title='bbox 569 4080 781 4164; x_wconf 83' lang='lat' dir='ltr'>Apostolorum</span> <span class='ocrx_word' id='word_1_281' title='bbox 798 4084 1001 4166; x_wconf 71' lang='lat' dir='ltr'>temporibuS,</span> <span class='ocrx_word' id='word_1_282' title='bbox 1021 4085 1227 4167; x_wconf 71' lang='lat' dir='ltr'>religiosissime</span> 
     </span>
     <span class='ocr_line' id='line_1_39' title="bbox 268 4174 1229 4259; baseline 0.006 -23"><span class='ocrx_word' id='word_1_283' title='bbox 268 4177 454 4236; x_wconf 84' lang='lat' dir='ltr'>retinuerunt</span> <span class='ocrx_word' id='word_1_284' title='bbox 474 4197 482 4234; x_wconf 77' lang='grc' dir='ltr'><strong><em>ε</em></strong></span> <span class='ocrx_word' id='word_1_285' title='bbox 501 4175 631 4236; x_wconf 86' lang='lat' dir='ltr'>adhibito</span> <span class='ocrx_word' id='word_1_286' title='bbox 654 4176 741 4237; x_wconf 88' lang='lat' dir='ltr'>etiam</span> <span class='ocrx_word' id='word_1_287' title='bbox 762 4174 843 4238; x_wconf 85' lang='lat' dir='ltr'>sacro</span> <span class='ocrx_word' id='word_1_288' title='bbox 861 4174 1039 4247; x_wconf 78' lang='lat' dir='ltr'>chrismate,</span> <span class='ocrx_word' id='word_1_289' title='bbox 1055 4197 1119 4259; x_wconf 91' lang='lat' dir='ltr'>quo</span> <span class='ocrx_word' id='word_1_290' title='bbox 1142 4180 1229 4259; x_wconf 74' lang='lat' dir='ltr'>hujus</span> 
     </span>
     <span class='ocr_line' id='line_1_40' title="bbox 268 4266 1227 4353; baseline 0.006 -25"><span class='ocrx_word' id='word_1_291' title='bbox 268 4267 447 4329; x_wconf 72' lang='lat' dir='ltr'>sacramenti</span> <span class='ocrx_word' id='word_1_292' title='bbox 471 4269 538 4340; x_wconf 84' lang='lat' dir='ltr'>vis,</span> <span class='ocrx_word' id='word_1_293' title='bbox 554 4266 727 4350; x_wconf 80' lang='lat' dir='ltr'>expressiore</span> <span class='ocrx_word' id='word_1_294' title='bbox 747 4268 869 4331; x_wconf 85' lang='lat' dir='ltr'>internae</span> <span class='ocrx_word' id='word_1_295' title='bbox 892 4268 1014 4353; x_wconf 82' lang='lat' dir='ltr'>Spiritiu</span> <span class='ocrx_word' id='word_1_296' title='bbox 1031 4269 1130 4332; x_wconf 72' lang='lat' dir='ltr'>Sanffl</span> <span class='ocrx_word' id='word_1_297' title='bbox 1153 4292 1227 4346; x_wconf 69' lang='lat' dir='ltr'>utic·¹</span> 
     </span>
     <span class='ocr_line' id='line_1_41' title="bbox 102 4358 853 4461; baseline 0 -38"><span class='ocrx_word' id='word_1_298' title='bbox 102 4411 122 4461; x_wconf 83' lang='lat' dir='ltr'>p</span> <span class='ocrx_word' id='word_1_299' title='bbox 164 4415 173 4427; x_wconf 86' lang='lat'>.</span> <span class='ocrx_word' id='word_1_300' title='bbox 230 4415 238 4428; x_wconf 84' lang='lat'>‚</span> <span class='ocrx_word' id='word_1_301' title='bbox 267 4363 357 4423; x_wconf 83' lang='lat' dir='ltr'>rionis</span> <span class='ocrx_word' id='word_1_302' title='bbox 371 4358 601 4442; x_wconf 83' lang='lat' dir='ltr'>significatione,</span> <span class='ocrx_word' id='word_1_303' title='bbox 631 4359 853 4424; x_wconf 87' lang='lat' dir='ltr'>demonstretur.</span> 
     </span>
     <span class='ocr_line' id='line_1_42' title="bbox 123 4423 252 4487; baseline 0.008 -24"><span class='ocrx_word' id='word_1_304' title='bbox 123 4423 252 4487; x_wconf 77' lang='lat' dir='ltr'>‹enitentip</span> 
     </span>
    </p>
   </div>
   <div class='ocr_carea' id='block_1_4' title="bbox 72 4451 1225 4551">
    <p class='ocr_par' dir='ltr' id='par_1_12' title="bbox 72 4451 1225 4551">
     <span class='ocr_line' id='line_1_43' title="bbox 72 4451 1225 4551; baseline -0.013 -21"><span class='ocrx_word' id='word_1_305' title='bbox 72 4478 238 4536; x_wconf 71' lang='lat' dir='ltr'>&amp;cineum</span> <span class='ocrx_word' id='word_1_306' title='bbox 313 4453 468 4520; x_wconf 82' lang='lat' dir='ltr'>Credimus</span> <span class='ocrx_word' id='word_1_307' title='bbox 479 4452 614 4539; x_wconf 84' lang='lat' dir='ltr'>placuisse</span> <span class='ocrx_word' id='word_1_308' title='bbox 623 4451 740 4519; x_wconf 85' lang='lat' dir='ltr'>Christo</span> <span class='ocrx_word' id='word_1_309' title='bbox 750 4471 801 4527; x_wconf 86' lang='lat' dir='ltr'>,ut</span> <span class='ocrx_word' id='word_1_310' title='bbox 813 4457 862 4540; x_wconf 90' lang='lat' dir='ltr'>qui</span> <span class='ocrx_word' id='word_1_311' title='bbox 871 4454 899 4520; x_wconf 93' lang='lat' dir='ltr'>se</span> <span class='ocrx_word' id='word_1_312' title='bbox 913 4474 966 4542; x_wconf 88' lang='lat' dir='ltr'>per</span> <span class='ocrx_word' id='word_1_313' title='bbox 974 4453 1160 4543; x_wconf 79' lang='lat' dir='ltr'>Baptismuiu</span> <span class='ocrx_word' id='word_1_314' title='bbox 1169 4457 1225 4551; x_wconf 51' lang='lat' dir='ltr'>Eg·</span> 
     </span>
    </p>
   </div>
   <div class='ocr_carea' id='block_1_5' title="bbox 0 0 1290 4958">
    <p class='ocr_par' dir='ltr' id='par_1_13' title="bbox 0 0 1290 4958">
     <span class='ocr_line' id='line_1_44' title="bbox 0 0 1290 4958; baseline 0 1"><span class='ocrx_word' id='word_1_315' title='bbox 0 0 1290 4958; x_wconf 95' lang='lat' dir='ltr'> </span> 
     </span>
    </p>
   </div>
  </div>
 </body>
</html>
