2556 5040
225 510 572 594 lrrstonrcus
617 520 813 591 Maron
961 530 1036 618 ιη

59 634 221 710 Matutine
233 663 336 729 preces
345 639 395 706 seu
404 641 518 706 lauder
528 686 538 715 ‚
550 639 587 704 ad
600 641 781 724 gallicinium
797 640 1035 708 anteluoemAn

64 741 192 804 Primam
200 755 272 801 orto
280 736 356 810 sole,
365 735 423 818 qul
436 738 466 798 in
476 735 580 798 diurna
592 755 684 818 opera
694 734 794 797 divina
804 734 1037 818 benedilliopel

65 837 147 896 titur.
172 833 221 894 ad
244 830 396 902 Tertiam,
409 847 442 891 ut
455 829 579 911 Spiritus
593 827 689 891 saneti
702 830 732 889 in
745 826 908 912 Apostolos
917 828 1036 911 illapsus

66 928 226 989 recolatur.
238 923 283 984 Ad
295 924 412 986 Settam
423 923 563 997 meridie,
580 921 637 1003 qul
648 921 723 984 nora
732 920 864 985 cirillo
876 919 1035 984 crucifixus

65 1019 119 1080 esi.
131 1018 176 1079 Ad
184 1018 313 1089 Nonam,
324 1016 380 1098 qui
393 1035 534 1078 mortuusa
542 1014 589 1075 Ad
602 1013 836 1099 Vespetam,qul
848 1012 974 1097 sepultus
983 1012 1038 1076 est:

69 1109 245 1173 Christianis
257 1110 375 1191 quidem
388 1111 523 1171 omnibus
536 1109 565 1169 ia
587 1107 718 1171 officium
731 1107 942 1182 constitutum,
966 1108 1038 1190 qui-2

71 1205 126 1265 bus
146 1204 261 1285 publice
279 1200 375 1266 adesse
387 1219 439 1264 aut
452 1202 589 1286 privatim
603 1203 728 1264 recitare
741 1199 972 1265 commodumsrt
984 1221 992 1259 ε
1005 1214 1039 1270 at

69 1296 172 1359 clerici
187 1297 312 1359 maxime
324 1297 355 1358 bt
366 1295 504 1358 monachi
516 1296 552 1357 ad
562 1295 592 1356 id
603 1294 832 1378 persolvendum
842 1310 991 1359 tenentur.

330 1442 777 1506 TESTIMONIA.

106 1580 227 1647 Respexit
239 1580 408 1630 humilitatem
421 1581 517 1631 ancille
529 1580 575 1630 sua
587 1599 593 1631 :
605 1595 665 1632 ecce
681 1582 750 1632 enim
763 1595 795 1633 et
811 1580 860 1631 ltnc
881 1580 984 1631 beatam
996 1594 1038 1637 me

72 1653 160 1701 tlicent
172 1666 261 1700 omnen
274 1653 462 1715 generationes.
476 1650 531 1698 Luc.
544 1666 565 1699 r.
577 1667 597 1700 r.
611 1667 635 1699 ν.
649 1653 692 1709 at.

107 1722 228 1779 Credidi,
241 1732 346 1786 propter
359 1721 424 1782 quod
440 1723 537 1772 locutut
552 1718 613 1769 sum.
627 1719 666 1785 rs:
683 1734 739 1780 ιις.

109 1792 193 1838 Corde
209 1791 321 1838 creditur
337 1792 368 1839 ad
384 1789 501 1851 justitiam
514 1808 520 1839 :
534 1806 577 1839 ore
592 1803 677 1839 autem
698 1787 819 1840 conlessio
831 1788 860 1840 lit
879 1789 911 1840 ati
924 1786 1041 1843 salutem.

71 1858 143 1906 Rom.
155 1875 175 1905 c.
194 1871 230 1907 lt).
242 1875 265 1906 ν.
282 1875 320 1907 to·

105 1927 132 1977 ln
146 1927 264 1979 omnibus
277 1926 402 1977 sumentes
416 1926 511 1977 scutum
524 1927 582 1977 fidel
595 1965 604 1991 ‚
619 1931 645 1978 in
659 1945 707 1993 quo
720 1928 814 1996 possitia
826 1929 910 1978 omnia
923 1929 974 1979 teia
992 1944 1039 1980 tte·

71 1996 176 2058 quillimi
190 1999 262 2061 ignea
279 1999 434 2061 extinguere.
448 1997 511 2063 Epir.
526 2014 546 2046 c.
560 2001 582 2046 6.
598 2016 620 2046 ν.
639 2003 678 2048 ιό.

108 2067 167 2115 Dixi
179 2085 186 2113 :
197 2067 347 2118 confitebor
365 2064 495 2117 adversim
512 2083 552 2118 me
566 2066 713 2129 injustitiam
725 2082 807 2116 meam
826 2067 939 2118 Domino
955 2066 1001 2116 a&
1012 2079 1042 2120 ta
1139 2081 1141 2085 “

73 2137 184 2185 remiltlli
196 2137 354 2198 iniquitatem
367 2138 468 2201 peccati
482 2139 540 2187 mei.
555 2134 593 2200 Ps.
608 2154 644 2197 tr.
660 2155 682 2184 ν.
696 2150 719 2195 ς.

103 2205 165 2254 Tibi
179 2205 222 2255 soli
240 2208 341 2272 peccavi
353 2240 361 2265 ,
373 2206 398 2253 bt
411 2208 504 2256 malurn
518 2219 604 2257 coram
618 2218 643 2256 te
658 2205 716 2256 feci.
731 2202 769 2266 1²ss
786 2220 825 2266 50.
840 2222 863 2254 ν.
886 2206 926 2255 ιό.

106 2274 272 2325 confitemini
285 2280 348 2326 alter
358 2276 464 2325 alterum
474 2287 580 2344 peccata
593 2276 690 2339 velita,
705 2274 731 2321 bt
744 2284 815 2325 orate
828 2291 875 2342 pro
888 2275 997 2329 invicem
1012 2286 1041 2328 ttt

73 2340 211 2393 salvemini.
230 2345 285 2394 Jnr.
299 2362 320 2394 r.
341 2359 362 2405 5.
377 2359 400 2393 ν.
413 2346 450 2395 16.

109 2413 206 2479 Septier
217 2414 244 2462 in
258 2416 298 2463 die
312 2414 412 2463 laudem
427 2413 480 2463 dnn
504 2411 551 2461 tibi
565 2444 574 2469 ,
587 2411 662 2479 super
680 2411 772 2472 iudicia
795 2411 891 2473 iustitie
910 2427 967 2465 tue.
983 2414 1043 2465 Me·

73 2480 115 2528 «lia
130 2484 202 2532 nolle
225 2482 355 2548 surgebam
368 2484 399 2531 atl
414 2480 588 2530 confitendum
607 2483 674 2542 tibi,
691 2480 764 2548 snper
778 2478 871 2541 iudicia
885 2483 1043 2543 justificatio·

75 2551 115 2599 trit
130 2563 187 2601 tuae.
200 2551 240 2616 ΡΙ.
255 2555 305 2604 118.
327 2553 382 2611 164·
400 2547 464 2598 ltin.
477 2552 519 2598 62.
962 2546 967 2556 ’

108 2619 236 2686 Vespere,
251 2622 277 2670 δι
293 2635 384 2678 mane,
411 2620 437 2668 bt
449 2619 555 2671 meridie
567 2620 675 2671 narrabo
688 2619 715 2668 lt
727 2619 883 2670 annuntiabo
902 2620 948 2670 z&
961 2637 1042 2675 extu-

73 2690 129 2740 tliet
144 2706 234 2741 vocem
249 2706 341 2740 meam.
352 2686 394 2752 Ps.
406 2702 446 2749 54.

109 2758 204 2810 Daniel
218 2759 349 2821 ,fenestris
360 2758 454 2822 apertir
464 2756 490 2806 in
504 2759 634 2808 coenrculo
647 2755 690 2807 suo
703 2770 791 2808 contra
804 2754 941 2809 Jerusalem
959 2758 1042 2812 tribua

76 2830 234 2894 temporibus
247 2832 271 2879 itt
280 2832 321 2880 die
335 2828 450 2879 bellabat
464 2842 543 2893 genua
558 2828 598 2878 sua
610 2862 618 2887 ,
632 2827 658 2875 δι
669 2827 790 2876 adorabat
801 2862 809 2887 ,
822 2825 1041 2892 confitebaturque

77 2913 163 2947 coram
177 2902 234 2949 Deo
247 2898 308 2958 ltro,
323 2899 384 2947 sicut
397 2899 423 2946 bt
437 2896 495 2946 ante
507 2897 590 2948 facere
602 2897 772 2947 consueverat.
785 2896 886 2946 Daniel.
897 2913 917 2946 c.
931 2901 988 2947 ἀν.
1000 2915 1044 2951 ιο.

110 2968 197 3016 Petrus
209 2980 294 3019 autem
305 2969 329 3017 bl
348 2967 458 3019 loannes
470 2964 643 3019 ascendebant
660 2967 685 3016 in
693 2968 816 3035 templum
833 2968 865 3017 ati
878 2968 967 3018 horam
981 2984 1041 3019 ora·

77 3035 154 3087 tinnit
167 3052 269 3088 nonam.
287 3036 342 3088 Aa.
353 3054 375 3086 r.
393 3051 417 3102 3.
432 3053 456 3085 ν.
469 3053 488 3088 t.

111 3107 197 3155 Melil
209 3121 292 3158 tutem
307 3107 395 3167 none,
410 3107 500 3156 Paulur
518 3105 543 3155 δι
563 3105 625 3156 §ilat
640 3117 762 3168 oranter,
783 3105 921 3159 laudabant
936 3110 1041 3175 Deume

76 3173 105 3225 δι
119 3177 255 3228 audiebant
268 3193 327 3238 rot,
339 3179 380 3241 qui
393 3178 419 3226 in
430 3175 542 3227 custodit
553 3186 637 3226 erant.
646 3173 700 3225 Λᾶ.
711 3191 733 3226 c.
748 3177 788 3227 1⁶.
799 3191 824 3231 ν.
841 3189 882 3235 ²5·

90 3299 1031 3386 memma

215 3457 590 3547 LECTIO
650 3458 902 3547 xvrrr.

349 3656 407 3725 De
435 3655 573 3750 reliquis
599 3649 773 3724 Precibus.

169 3815 364 3880 Otanrunr
381 3812 431 3877 seu
443 3811 599 3877 Coronam
609 3811 642 3875 B.
651 3812 757 3874 Mariae
770 3811 910 3875 diuturno
918 3811 978 3893 jam
994 3812 1045 3878 uiu

173 3911 287 3994 accepit
310 3906 456 3984 Ecclesia,
472 3903 552 3989 quast
574 3905 682 3968 florum
703 3902 873 3989 spiritalium
889 3905 941 3988 ipsi
960 3907 1046 3970 obla·

80 4021 144 4067 tum
154 4003 268 4067 letttrm.
279 4000 447 4086 ltprimum
459 4019 563 4062 eorum
577 3998 674 4082 gratia
684 3997 844 4060 institutum
855 3996 914 4070 est,
929 4001 979 4081 qui
989 4018 1046 4065 nec

81 4096 209 4182 psalmos
218 4096 395 4170 didicerant,
407 4113 462 4157 nec
470 4092 582 4157 litteras
590 4108 700 4155 norant
710 4114 719 4152 ε
731 4093 808 4153 utad
820 4090 944 4174 singulas
955 4092 1048 4157 officii

78 4190 172 4254 boras
186 4189 376 4254 Dominicam
396 4185 577 4251 Orationem
596 4184 867 4265 Salutationemque
884 4188 1046 4268 angelicam

10 4326 20 4381 3
72 4298 168 4349 'certo
174 4301 301 4349 numero
309 4276 613 4367 iterareut.Epialmis
622 4279 641 4340 ii
649 4277 757 4363 septem
766 4278 893 4341 maximi
906 4277 1046 4361 frequen·

144 4368 268 4471 upqui
277 4372 315 4443 ati
327 4372 533 4463 pmlttntiam
544 4373 693 4461 pertinent
701 4370 868 4438 :ebdelelli
877 4389 910 4437 ut
918 4373 1046 4438 bominis
