2572 4958
295 524 652 595 utsronrcus
698 527 897 599 urion·
1043 543 1115 624 u„-

140 641 226 730 gelio
236 641 389 706 crediddre
399 643 494 707 Judaei
503 642 534 705 81
544 641 601 706 fide
613 642 685 707 salvi
695 640 771 706 fiunt
780 691 790 722 ,
800 646 882 707 radix
894 642 999 710 sunt&
1011 642 1114 732 stirps,

137 737 201 820 qui
216 737 314 819 omnis
332 737 435 799 nititur
448 735 596 812 Ecclesia,
615 738 661 800 cui
686 734 822 800 Gentiles
838 757 872 800 ut
893 739 972 802 oleae
987 741 1115 805 oleasier

140 829 218 891 insiti
231 827 295 891 sunt
307 831 320 914 [
328 829 373 911 d].
385 829 589 892 Contumaces
598 829 710 893 interei
722 830 818 894 Judaet
832 831 872 894 ed
886 831 975 914 usque
989 835 1115 914 abjeffl,
1152 872 1154 876 ·

140 923 241 984 donec
251 942 328 1005 quos
337 923 422 986 Deus
438 944 475 986 ex
485 922 634 986 Gentibus
646 923 763 986 servare
772 925 925 1000 decrevit,
938 946 1043 989 omnes
1058 930 1115 992 Ec-

141 1014 258 1078 ctefiam
277 1015 392 1099 ingressi
409 1016 471 1080 sint.
485 1017 635 1100 Reliquias
657 1020 735 1079 enirn
756 1017 946 1090 iudaeorum,
965 1020 1116 1084 desinente

141 1109 281 1183 mundo,
299 1109 462 1172 salvaturus
474 1109 515 1173 eli
528 1109 621 1172 Deus
644 1109 793 1175 Gentibus
808 1108 895 1174 semel
912 1110 942 1173 in
956 1111 1115 1176 Ecclesiam

139 1199 279 1275 admiilis,
292 1222 345 1284 per
359 1220 454 1266 totum
465 1204 570 1266 orbern
583 1201 720 1285 Apostoli
737 1224 775 1267 ex
788 1203 897 1269 Chrisii
911 1207 1052 1268 mandato
1059 1204 1115 1267 dis-

143 1292 220 1377 perii
234 1292 305 1357 sunt.
317 1296 437 1359 Judaeos
452 1296 578 1379 primum
589 1298 824 1370 conveniebant,
841 1299 1019 1380 ubicumque
1029 1310 1115 1384 repe!

144 1387 256 1450 rirent:
267 1388 298 1450 dc
311 1390 349 1455 ab
360 1391 396 1451 iis
404 1389 510 1474 repulsi
525 1392 562 1452 ad
572 1389 686 1455 Gentes
694 1392 952 1457 convertebantur
960 1390 1022 1477 [e]

176 1533 224 1597 (d)
237 1534 337 1589 ibide.
352 1549 386 1588 11.
399 1553 424 1586 v.
443 1551 483 1598 17·
519 1539 556 1599 (ι)
567 1500 624 1589 ΙΑέὶ.
634 1554 656 1589 c.
672 1553 712 1602 ¹3·
723 1554 746 1590 v.
761 1550 805 1600 45.

405 1664 852 1727 TESTIMONIA.

170 1796 264 1863 Surge,
289 1801 383 1863 Perre,
399 1801 503 1865 occidp‚
521 1802 547 1851 8(
561 1802 693 1853 manduca.
716 1802 794 1863 Quod
816 1803 885 1852 Deus
904 1799 1064 1866 purificavit,
1082 1813 1111 1863 m

140 1880 277 1917 commune
291 1883 322 1919 ne
341 1872 442 1919 dixeris.
455 1871 600 1921 inveritate
618 1874 750 1938 comperi,
764 1873 820 1934 quia
835 1872 933 1921 nonest
948 1869 1112 1936 personarunt

72 1949 75 1953 ·
143 1950 265 2003 acceptor
277 1938 363 1988 Deus:
376 1940 419 1990 sed
432 1942 458 1989 in
478 1942 549 1991 omni
562 1941 649 1991 Gente
664 1943 705 2004 qui
719 1942 794 1990 timet
805 1957 880 2001 eum,
892 1939 917 1987 bt
932 1953 1050 2006 operatur
1061 1942 1113 2006 jus-

143 2006 226 2055 titiam
240 2021 371 2075 ‚acceptus
384 2010 418 2059 est
431 2011 478 2061 illi.
492 2012 620 2075 Numquid
631 2026 721 2073 aquarn
737 2011 790 2074 quis
803 2011 938 2076 prohibere
962 2011 1063 2075 potest,
1083 2024 1113 2062 nt

142 2087 196 2122 non
211 2075 375 2143 baptizentur
385 2081 411 2129 bi
422 2113 430 2139 ,
443 2081 484 2143 qui
498 2082 618 2147 Spiritum
630 2081 746 2131 Sentium
760 2089 915 2147 acceperuut
931 2079 991 2129 sicut
1003 2079 1029 2128 81
1040 2095 1086 2131 uos
1099 2083 1112 2132 i

145 2141 202 2199 Λᾶ.
219 2160 241 2193 c.
259 2160 295 2196 to.
310 2163 335 2196 v.
348 2161 385 2204 ¹l·
401 2162 441 2209 1ς.
456 2162 495 2211 34.
506 2164 549 2214 47.

176 2211 378 2333 Qparbepntroilii
394 2220 426 2267 ad
436 2220 501 2270 viros
515 2219 664 2288 praeputium
676 2217 801 2271 habentes
815 2253 824 2282 ‚
840 2216 866 2266 81
880 2217 1034 2269 manducasti
1053 2232 1112 2272 cum

145 2283 420 2336 eis.li.c.rt.v.
441 2303 463 2350 3.

179 2349 245 2402 cum
257 2356 386 2420 cepissent
402 2359 490 2420 loqui,
508 2357 603 2408 cecidit
621 2357 726 2423 Spiritus
744 2356 846 2406 sandius
865 2354 940 2422 super
959 2370 1022 2416 eos,
1049 2357 1113 2408 sicut
1131 2383 1133 2386 ⁴

144 2417 173 2467 81
187 2422 212 2471 in
224 2437 268 2472 nos
281 2425 307 2474 in
321 2426 403 2476 initio.
422 2427 446 2476 st
460 2423 521 2489 ergit
535 2427 652 2476 eamdem
674 2426 781 2490 gratiam
795 2426 867 2475 dedit
888 2427 938 2475 illis
958 2426 1029 2476 Deus
1043 2442 1049 2475 :
1063 2441 1113 2494 epo

143 2490 200 2552 quis
214 2507 283 2542 eram
297 2529 304 2555 ,
318 2496 359 2560 qui
371 2497 466 2563 poil'ern
478 2496 612 2562 prohibere
623 2496 708 2544 Deum
720 2496 730 2544 i
743 2490 812 2542 lutat.
829 2511 853 2542 ν.
868 2509 907 2558 ¹7·
945 2523 946 2527 =

155 2559 314 2614 ·Secundtlm
336 2567 517 2616 revelationem
535 2577 624 2614 notum
653 2565 715 2614 mibi
736 2560 827 2614 sedium
850 2562 885 2612 esi
906 2563 1115 2628 incrementum,

143 2632 211 2690 quod
227 2633 283 2682 aliis
295 2637 498 2698 generationibus
513 2650 563 2684 nou
584 2634 618 2683 eli
630 2635 762 2698 agnitum,
781 2643 871 2696 gestes
887 2633 935 2682 eisc
951 2631 1113 2694 coheredes,

145 2697 381 2769 &concorporales
405 2704 431 2753 u
455 2704 653 2768 comparticipes
683 2703 848 2769 promisionis
877 2698 903 2750 in
930 2698 1032 2749 Christo
1054 2700 1113 2754 lesu

144 2781 192 2832 per
202 2771 368 2838 Evangelium
384 2773 473 2835 :cuius
487 2773 563 2823 tanus
576 2773 628 2823 sum
647 2771 768 2822 minister.
782 2771 817 2821 Ur
824 2767 971 2819 innotescat
981 2769 1114 2837 principe.

143 2837 230 2900 tibus,
245 2842 270 2889 δι
285 2843 451 2909 potestatibus
471 2844 497 2893 in
508 2844 647 2894 coeleiilbus
658 2856 705 2908 per
723 2839 881 2902 licendum,
896 2834 1055 2888 multiformis
1074 2840 1115 2891 ss.

143 2906 243 2973 pientio
256 2911 323 2972 Dei,
350 2910 487 2963 secundtlm
505 2913 699 2978 praefinitionem
717 2909 880 2972 seculorum,
906 2923 981 2971 quarn
999 2905 1064 2958 fecit
1086 2911 1115 2962 itt

144 2977 243 3029 Cirriiio
254 2979 309 3031 lesu
322 2982 436 3033 Domino
451 2981 541 3032 nosiro.
555 2980 680 3047 Epheso.
691 2996 714 3042 ς,
730 2995 755 3029 v.
770 2991 792 3038 3.
807 2991 830 3038 ς.
844 2979 868 3026 6.
884 2989 966 3035 κιο.
982 2987 1014 3026 tt.

179 3047 278 3099 Omnes
291 3064 462 3117 peccaverunt
474 3089 481 3114 ‚
495 3052 521 3100 dt
546 3064 622 3116 egent
643 3048 723 3117 glotis
741 3048 801 3099 nei.
823 3046 953 3099 ludificati
967 3045 1043 3112 gratis
1067 3060 1115 3114 pet

145 3119 254 3173 firatiam
267 3121 351 3185 ipsius.
362 3122 438 3172 Rom.
449 3139 471 3170 c.
487 3133 509 3180 3.
524 3137 547 3168 ν.
565 3135 607 3183 ²³·

177 3186 217 3236 An
230 3187 371 3240 sucinorum
387 3187 681 3240 Deustanttlntililonne
696 3187 860 3238 &Gentium
876 3180 987 3234 rimmo
1002 3182 1026 3232 dt
1042 3181 1117 3233 Gen·

144 3256 220 3306 tium.
234 3257 361 3318 Quoniam
374 3261 474 3322 quidem
486 3274 547 3307 unus
556 3260 668 3308 esiDeus
683 3256 846 3321 quiiusillicst
854 3254 1070 3304 circumcisionem
1082 3267 1117 3303 ex

143 3324 212 3388 fide,
230 3327 256 3376 &
270 3331 417 3396 praeputium
433 3343 479 3394 per
492 3328 578 3377 fidem.
591 3324 657 3375 ibid.
671 3342 694 3376 v.
709 3341 749 3387 zo.
765 3341 804 3387 eo.

180 3397 307 3448 Conclusrt
319 3399 387 3448 enirn
408 3397 478 3447 Deus
491 3398 576 3446 omnia
588 3397 632 3446 sub
642 3406 766 3460 peccato,
783 3404 811 3442 ut
830 3392 943 3441 omnium
958 3389 1117 3441 misereatur.

144 3469 172 3520 0
187 3467 294 3515 altitudo
308 3470 451 3518 divitiarum
462 3466 588 3532 sapientia
599 3463 740 3515 &scientie
748 3464 799 3513 Dei
812 3467 818 3510 !
831 3458 895 3509 ibid.
907 3477 930 3510 c.
944 3474 981 3508 11.
992 3477 1015 3508 ν.
1025 3476 1065 3521 32·
1075 3471 1116 3539 333

179 3536 293 3585 Laudare
308 3539 470 3598 Dominum,
487 3551 576 3593 omnes
591 3546 680 3600 gentes
700 3550 708 3593 ;
728 3534 831 3583 laudate
845 3546 903 3581 eum
916 3544 1005 3580 ornnes
1018 3528 1117 3596 populs·

147 3604 217 3674 Psnl.
235 3608 292 3656 116.
943 3615 945 3618 ⁴
1101 3614 1103 3623 '

163 3705 1105 3791 μΞψΞ--τὲῆ

293 3855 331 3938 L
363 3853 399 3936 E
431 3852 469 3940 C
503 3853 544 3938 T
576 3853 670 3937 10
746 3853 788 3935 Χ
812 3853 850 3937 L
874 3850 914 3938 V
935 3849 987 3936 I.¹

195 4029 253 4099 De
287 4026 514 4118 Eccsrficrum
551 4022 823 4122 fundatione&
844 4019 1069 4118 fitbjeciione.

229 4187 401 4263 Ntnounns
421 4186 629 4249 dividerentur
649 4179 802 4268 Apostoli,
820 4182 997 4262 Symbolum
1016 4179 1119 4244 condi·

234 4282 357 4343 derunt:
374 4279 459 4343 idest
473 4276 696 4362 teneramque
713 4277 817 4339 fideles
829 4274 1057 4360 agnoscerentur
1077 4272 1092 4335 s
1107 4307 1121 4321 ·

145 4391 400 4461 cernerenturque
416 4373 438 4441 d
455 4373 569 4444 iudeis
584 4373 615 4437 81
630 4370 855 4461 impostoribus,
871 4390 925 4527 <pp
939 4367 1046 4525 ἰΕγίιτίίὶί
1061 4362 1121 4450 jan
