2572 4958
261 605 333 696 qna
562 601 975 668 axrosrrru

262 735 381 779 monen
373 714 432 776 ad
445 729 476 777 ut
491 712 592 777 Deum
606 714 633 777 se
646 731 821 778 convertant
832 715 947 796 ,eique
959 711 1040 796 quod
1058 708 1076 774 l
1090 711 1240 776 creaturid

266 807 397 894 pullulat
407 808 584 870 rationabile
593 806 764 889 obsequium
776 809 942 870 exhibeant

312 900 356 962 Ex
367 900 422 964 hic
436 899 570 963 dodlrind
587 902 708 983 intelligi
720 899 815 985 potest
825 901 910 983 quam
922 898 995 962 vere
1004 898 1130 960 dixerim
1142 872 1231 975 sore,

264 1009 298 1056 ut
311 992 472 1056 nostrarum
483 996 606 1057 maxima
616 1014 681 1077 pars
692 993 979 1064 controverstarum,
992 991 1149 1055 vocabulis
1161 987 1235 1053 sano

265 1086 316 1150 sen
320 1084 529 1161 suinrelleuis,
538 1085 740 1161 evanesceret,
752 1086 811 1148 srin
824 1089 868 1150 his
880 1086 1060 1170 argumentis
1071 1081 1234 1146 rradlandia

264 1178 464 1242 Christianam
484 1181 656 1242 charitatem
674 1179 861 1262 sequeremur
878 1182 991 1242 ducem.
1008 1174 1134 1240 Constat
1152 1194 1234 1257 quo·

263 1291 324 1352 que
333 1269 529 1346 adversarios,
542 1271 562 1332 sr
575 1274 625 1336 has
634 1273 943 1357 expositionesquibus
951 1267 1082 1354 expressa
1091 1269 1234 1341 contiue-

158 1424 160 1427 ,
263 1382 312 1426 rur
323 1363 626 1427 ConciliiTridentini
636 1365 769 1428 dodlrina
784 1367 896 1447 placide
907 1363 1144 1450 perpenderent,
1167 1380 1232 1425 non

263 1458 389 1539 amplius
400 1457 570 1538 objesluros
581 1457 715 1522 Chrislr'a
726 1460 813 1521 nobis
824 1461 1031 1522 mediationem
1042 1455 1125 1528 laedi,
1137 1453 1233 1516 Sanc-

265 1550 372 1634 rosque
385 1553 519 1613 invocari
530 1570 597 1624 ,aur
608 1553 725 1614 adorari
733 1552 877 1634 Imagines
884 1572 923 1615 eo
930 1551 1022 1614 modo
1031 1550 1082 1631 qui
1091 1545 1145 1610 soli
1156 1545 1232 1611 Deo

265 1643 417 1706 debeatur.
436 1645 577 1727 Equidem
590 1643 656 1706 cirm
670 1663 754 1707 certo
765 1644 845 1708 sensu
872 1645 1029 1716 adoratio,
1052 1642 1232 1716 invocatio,

267 1737 493 1820 mediatorisque
510 1757 620 1801 nomen
634 1738 706 1799 Deo
724 1738 837 1800 tantum
853 1737 1031 1818 Christoque
1046 1734 1235 1808 conveniat,

265 1829 352 1891 facile
376 1831 418 1893 est
431 1831 475 1893 his
486 1832 567 1893 abuti
585 1831 752 1906 vocabulis,
765 1852 827 1915 quo
841 1831 947 1894 nosirae
959 1829 1070 1891 invidia
1084 1826 1235 1889 doclrinae

210 1995 213 2004 Ι
266 1923 418 1997 confletur.
427 1923 468 1984 Ar
481 1922 589 1985 sibond
602 1923 810 2007 fideaffrgnato
819 1925 837 1988 ai
846 1925 933 1988 nobis
943 1920 1120 1996 definiantur
1131 1917 1234 1994 sensu,

266 2016 349 2075 omni
375 2017 494 2099 prorsus
517 2014 564 2078 illa
595 2035 766 2099 argumenta
788 2016 925 2080 firmitate
948 2015 1097 2079 carebunt.
1127 2012 1160 2074 Si
1179 2012 1233 2095 qui

266 2107 342 2169 verb
359 2111 407 2170 alii
425 2108 607 2171 Calvininnis
626 2108 766 2191 supersint
783 2112 905 2172 minoris
923 2108 1065 2172 momenti
1085 2104 1235 2189 scrupuli,

168 2251 170 2254 .
264 2198 317 2262 sibi
332 2218 428 2264 tamen
443 2202 473 2263 in
488 2199 634 2284 praecipud
646 2203 829 2282 querelarum
842 2198 1163 2274 maretidsatissaslum,
1175 2218 1235 2276 co3

265 2293 702 2374 genteveritatiscouscientid,
716 2293 893 2359 fatebuntur.

265 2479 421 2555 accusare,
443 2428 522 2563 quasi
536 2481 726 2564 religionem
721 2501 750 2542 ru
763 2484 816 2544 illo
827 2481 1000 2544 Sandlorum
1014 2481 1094 2541 cultu
1105 2496 1232 2541 omnem

70 2607 168 2666 Seps„
174 2606 250 2655 dm
265 2592 412 2656 reponat,
427 2595 509 2649 cunr,
524 2594 556 2636 ur
571 2574 752 2652 pamanobrs
766 2575 954 2638 observatum
978 2571 1039 2644 esi,
1061 2572 1092 2632 id
1111 2572 1231 2634 tantum

72 2676 192 2728 deinvoc
200 2675 249 2724 &n
265 2664 367 2730 fideles
383 2671 511 2750 populos
522 2667 847 2730 docearTridenrinum
863 2667 1049 2731 Concilium:
1060 2665 1171 2725 Bonum
1182 2663 1232 2745 effe

265 2764 396 2824 &utilem
408 2763 487 2823 illum
497 2780 630 2835 morem,
644 2780 698 2822 nec
712 2764 836 2824 verbum
847 2762 933 2825 addat
943 2758 1076 2842 amplius.
1086 2755 1136 2817 Esl
1151 2778 1229 2840 ergo

265 2852 1234 2937 Ecclesiaeeamens,utquiusumillumautcontempruauterrore

265 2949 446 3030 reprobent,
460 2967 514 3008 eos
526 2948 651 3011 damnet.
663 2945 815 3009 Damnare
828 2947 921 3030 porrb
937 2949 1040 3022 debet,
1054 2947 1123 3009 cbm
1134 2947 1173 3009 ad
1183 2947 1232 3029 ip·

264 3041 325 3103 sam
337 3041 481 3123 pertineat
493 3086 503 3114 ,
517 3057 550 3100 ur
560 3060 656 3122 neque
665 3059 762 3102 mores
770 3039 906 3103 salutares
918 3039 1029 3122 sperni,
1043 3060 1142 3121 neque
1156 3039 1231 3101 doc-

265 3135 371 3195 trinam
385 3132 563 3215 Antiquitati
572 3133 752 3215 probatamal
766 3133 915 3217 Magistris
924 3133 1142 3197 recentioribus
1152 3134 1233 3203 damf

267 3228 329 3289 nari
342 3225 422 3289 srnar.

139 3337 182 3387 vl.
312 3320 452 3384 Illustriirs
480 3321 569 3383 etiam
600 3320 734 3384 ostendet
754 3317 971 3382 lustificarionis
998 3326 1233 3398 argumentum,

88 3403 241 3459 ludificatio.
267 3433 342 3498 quot
364 3413 539 3498 quaestiones
555 3415 634 3478 nudi
654 3415 804 3477 sententia
825 3412 934 3474 nostrae
951 3410 1142 3495 expositione
1165 3413 1233 3476 rolli

266 3507 380 3593 poffint.
665 3504 667 3506 ’

314 3603 384 3665 Non
394 3604 532 3684 ignorant
545 3601 593 3682 qui
605 3599 858 3673 Resormarionis,
878 3615 910 3661 ut
924 3615 1053 3672 vocant,
1068 3597 1119 3660 vel
1141 3597 1232 3660 mini·⁴

268 3695 348 3760 urbm
359 3694 507 3757 historiam
518 3689 1234 3776 norunt,primosejusnuuoreshoccaputom·

268 3789 379 3852 nibus
373 3806 412 3849 tta
431 3783 628 3870 proposuisse,
641 3804 672 3848 ut
685 3787 818 3849 omnium
836 3785 1034 3867 praecipuum,
1051 3782 1232 3866 causamque

248 3879 442 3943 discesbonis
459 3880 582 3942 maxime
595 3877 788 3942 necessariam.
807 3880 912 3959 Quare
934 3878 1047 3940 nullum
1063 3873 1126 3949 est,
1146 3877 1232 3959 quod

268 3977 360 4057 magis
373 3989 510 4056 oporteat
521 3972 598 4035 resle
610 3973 743 4055 intelligi.

317 4067 416 4129 Primo
428 4068 590 4138 credimuS,
602 4068 696 4127 remitti
692 4068 784 4127 nobis
793 4084 905 4148 peccata
915 4063 1003 4147 gratis
1013 4063 1110 4123 divinas
1128 4063 1233 4144 miseri·

73 4131 172 4257 ςξᾶῃέ·
180 4130 278 4268 ἵζ’·
271 4164 363 4221 cordia
367 4181 475 4243 propter
491 4162 620 4242 Christum.
630 4158 693 4241 lpsa
676 4158 770 4222 asunt
782 4159 911 4220 Concilii
929 4156 1096 4218 Tridentini
1114 4157 1233 4229 verba,

92 4273 162 4327 ibid,
177 4286 201 4324 c,
214 4274 239 4325 8
272 4275 301 4316 ln
312 4276 374 4336 quo
384 4254 515 4316 additur
524 4248 972 4335 Nosrdeodrcrgrarrspujltficarr
983 4272 1047 4329 quta
1060 4250 1234 4313 arideorum

272 4367 328 4430 qua
335 4347 546 4430 justificationem
554 4349 719 4428 precedunt,
737 4368 779 4407 rvr
783 4348 854 4425 fides
864 4391 874 4420 ,
898 4368 940 4407 rvr
952 4366 1030 4433 opera
1041 4343 1145 4427 ipsam)
1141 4341 1195 4434 ιιβ
1186 4342 1233 4421 β

273 4446 386 4506 cationis
396 4445 510 4527 gratiam
518 4459 686 4526 promeretur.
