<?xml version="1.0" encoding="UTF-8"?>
<!DOCTYPE html PUBLIC "-//W3C//DTD XHTML 1.0 Transitional//EN"
    "http://www.w3.org/TR/xhtml1/DTD/xhtml1-transitional.dtd">
<html xmlns="http://www.w3.org/1999/xhtml" xml:lang="en" lang="en">
 <head>
  <title>
</title>
<meta http-equiv="Content-Type" content="text/html;charset=utf-8" />
  <meta name='ocr-system' content='tesseract 3.04.00' />
  <meta name='ocr-capabilities' content='ocr_page ocr_carea ocr_par ocr_line ocrx_word'/>
</head>
<body>
  <div class='ocr_page' id='page_1' title='image "./opuscules01fleugoog/opuscules01fleugoog_0460.png"; bbox 0 0 2556 5040; ppageno 0'>
   <div class='ocr_carea' id='block_1_1' title="bbox 218 543 1032 647">
    <p class='ocr_par' dir='ltr' id='par_1_1' title="bbox 218 543 1032 647">
     <span class='ocr_line' id='line_1_1' title="bbox 218 543 1032 647; baseline -0.028 -28"><span class='ocrx_word' id='word_1_1' title='bbox 218 543 554 619; x_wconf 86' lang='lat' dir='ltr'>ntsrorttcns</span> <span class='ocrx_word' id='word_1_2' title='bbox 599 543 794 614; x_wconf 76' lang='lat' dir='ltr'>nnron·</span> <span class='ocrx_word' id='word_1_3' title='bbox 951 560 1032 647; x_wconf 49' lang='grc' dir='ltr'>Μ,</span> 
     </span>
    </p>
   </div>
   <div class='ocr_carea' id='block_1_2' title="bbox 48 655 1030 1278">
    <p class='ocr_par' dir='ltr' id='par_1_2' title="bbox 48 655 1026 856">
     <span class='ocr_line' id='line_1_2' title="bbox 48 655 1026 724; baseline -0.002 -11"><span class='ocrx_word' id='word_1_4' title='bbox 48 679 97 720; x_wconf 79' lang='lat' dir='ltr'>m</span> <span class='ocrx_word' id='word_1_5' title='bbox 109 661 171 713; x_wconf 83' lang='lat' dir='ltr'>milti</span> <span class='ocrx_word' id='word_1_6' title='bbox 183 660 209 711; x_wconf 88' lang='lat' dir='ltr'>in</span> <span class='ocrx_word' id='word_1_7' title='bbox 221 658 409 711; x_wconf 84' lang='lat' dir='ltr'>intirmitrtibus</span> <span class='ocrx_word' id='word_1_8' title='bbox 417 659 500 717; x_wconf 86' lang='lat' dir='ltr'>meir,</span> <span class='ocrx_word' id='word_1_9' title='bbox 513 659 538 706; x_wconf 91' lang='lat' dir='ltr'>in</span> <span class='ocrx_word' id='word_1_10' title='bbox 553 656 731 721; x_wconf 82' lang='lat' dir='ltr'>contumeliis,</span> <span class='ocrx_word' id='word_1_11' title='bbox 742 657 768 706; x_wconf 91' lang='lat' dir='ltr'>iu</span> <span class='ocrx_word' id='word_1_12' title='bbox 778 655 982 724; x_wconf 77' lang='lat' dir='ltr'>necesitatibur,</span> <span class='ocrx_word' id='word_1_13' title='bbox 994 664 1026 717; x_wconf 79' lang='lat' dir='ltr'>ln</span> 
     </span>
     <span class='ocr_line' id='line_1_3' title="bbox 51 725 1023 802; baseline -0.009 -18"><span class='ocrx_word' id='word_1_14' title='bbox 51 730 270 802; x_wconf 73' lang='lat' dir='ltr'>persecutionibus</span> <span class='ocrx_word' id='word_1_15' title='bbox 282 763 291 792; x_wconf 92' lang='lat'>,</span> <span class='ocrx_word' id='word_1_16' title='bbox 303 729 329 778; x_wconf 91' lang='lat' dir='ltr'>in</span> <span class='ocrx_word' id='word_1_17' title='bbox 341 725 458 794; x_wconf 73' lang='lat' dir='ltr'>ongulliis</span> <span class='ocrx_word' id='word_1_18' title='bbox 472 741 519 793; x_wconf 94' lang='lat' dir='ltr'>pro</span> <span class='ocrx_word' id='word_1_19' title='bbox 533 726 642 777; x_wconf 77' lang='lat' dir='ltr'>Christo.</span> <span class='ocrx_word' id='word_1_20' title='bbox 664 741 688 776; x_wconf 85' lang='grc' dir='ltr'>ι.</span> <span class='ocrx_word' id='word_1_21' title='bbox 712 727 768 774; x_wconf 84' lang='lat' dir='ltr'>Cor.</span> <span class='ocrx_word' id='word_1_22' title='bbox 786 742 807 776; x_wconf 83' lang='lat' dir='ltr'>c.</span> <span class='ocrx_word' id='word_1_23' title='bbox 825 744 863 778; x_wconf 96' lang='grc' dir='ltr'>ιι.</span> <span class='ocrx_word' id='word_1_24' title='bbox 882 743 906 778; x_wconf 90' lang='lat' dir='ltr'>v.</span> <span class='ocrx_word' id='word_1_25' title='bbox 921 744 962 790; x_wconf 72' lang='lat' dir='ltr'>tq.</span> <span class='ocrx_word' id='word_1_26' title='bbox 980 748 1023 796; x_wconf 76' lang='lat'>²⁴·</span> 
     </span>
     <span class='ocr_line' id='line_1_4' title="bbox 52 803 340 856; baseline -0.038 0"><span class='ocrx_word' id='word_1_27' title='bbox 52 803 94 856; x_wconf 82' lang='lat'>28·</span> <span class='ocrx_word' id='word_1_28' title='bbox 109 818 121 854; x_wconf 86' lang='lat' dir='ltr'>a</span> <span class='ocrx_word' id='word_1_29' title='bbox 142 838 148 851; x_wconf 93' lang='lat'>.</span> <span class='ocrx_word' id='word_1_30' title='bbox 162 817 185 851; x_wconf 90' lang='lat' dir='ltr'>c.</span> <span class='ocrx_word' id='word_1_31' title='bbox 206 813 244 849; x_wconf 84' lang='lat' dir='ltr'>ta.</span> <span class='ocrx_word' id='word_1_32' title='bbox 255 814 280 848; x_wconf 90' lang='lat' dir='ltr'>v.</span> <span class='ocrx_word' id='word_1_33' title='bbox 300 812 340 847; x_wconf 87' lang='lat' dir='ltr'>ro.</span> 
     </span>
    </p>

    <p class='ocr_par' dir='ltr' id='par_1_3' title="bbox 50 818 1030 992">
     <span class='ocr_line' id='line_1_5' title="bbox 90 818 1030 939; baseline 0 -18"><span class='ocrx_word' id='word_1_34' title='bbox 90 818 220 933; x_wconf 61' lang='lat' dir='ltr'>Qtsoniam</span> <span class='ocrx_word' id='word_1_35' title='bbox 246 867 307 917; x_wconf 83' lang='lat' dir='ltr'>sieut</span> <span class='ocrx_word' id='word_1_36' title='bbox 331 865 461 916; x_wconf 87' lang='lat' dir='ltr'>abundant</span> <span class='ocrx_word' id='word_1_37' title='bbox 482 865 605 929; x_wconf 77' lang='lat' dir='ltr'>pelliones</span> <span class='ocrx_word' id='word_1_38' title='bbox 625 862 717 914; x_wconf 78' lang='lat' dir='ltr'>curisti</span> <span class='ocrx_word' id='word_1_39' title='bbox 730 864 756 913; x_wconf 90' lang='lat' dir='ltr'>ln</span> <span class='ocrx_word' id='word_1_40' title='bbox 769 863 912 919; x_wconf 82' lang='lat' dir='ltr'>nobirrita</span> <span class='ocrx_word' id='word_1_41' title='bbox 931 869 958 921; x_wconf 80' lang='lat' dir='ltr'>dt</span> <span class='ocrx_word' id='word_1_42' title='bbox 975 885 1030 939; x_wconf 63' lang='lat' dir='ltr'>pen</span> 
     </span>
     <span class='ocr_line' id='line_1_6' title="bbox 50 932 817 992; baseline -0.009 -2"><span class='ocrx_word' id='word_1_43' title='bbox 50 939 177 991; x_wconf 81' lang='lat' dir='ltr'>Christum</span> <span class='ocrx_word' id='word_1_44' title='bbox 192 938 304 987; x_wconf 79' lang='lat' dir='ltr'>abundat</span> <span class='ocrx_word' id='word_1_45' title='bbox 314 934 452 986; x_wconf 85' lang='lat' dir='ltr'>consolatio</span> <span class='ocrx_word' id='word_1_46' title='bbox 463 934 552 984; x_wconf 82' lang='lat' dir='ltr'>nostra.</span> <span class='ocrx_word' id='word_1_47' title='bbox 568 948 591 982; x_wconf 82' lang='lat' dir='ltr'>t.</span> <span class='ocrx_word' id='word_1_48' title='bbox 605 932 661 983; x_wconf 81' lang='lat' dir='ltr'>Cor.</span> <span class='ocrx_word' id='word_1_49' title='bbox 675 948 696 982; x_wconf 86' lang='lat' dir='ltr'>c.</span> <span class='ocrx_word' id='word_1_50' title='bbox 712 949 735 983; x_wconf 92' lang='grc' dir='ltr'>ι.</span> <span class='ocrx_word' id='word_1_51' title='bbox 749 949 773 984; x_wconf 84' lang='grc' dir='ltr'>ν.</span> <span class='ocrx_word' id='word_1_52' title='bbox 795 947 817 992; x_wconf 83' lang='lat'>5.</span> 
     </span>
    </p>

    <p class='ocr_par' dir='ltr' id='par_1_4' title="bbox 53 1000 1028 1278">
     <span class='ocr_line' id='line_1_7' title="bbox 87 1000 1024 1073; baseline -0.006 -13"><span class='ocrx_word' id='word_1_53' title='bbox 87 1011 144 1073; x_wconf 74' lang='lat' dir='ltr'>Ego</span> <span class='ocrx_word' id='word_1_54' title='bbox 155 1008 206 1070; x_wconf 78' lang='lat' dir='ltr'>iarn</span> <span class='ocrx_word' id='word_1_55' title='bbox 219 1007 336 1065; x_wconf 88' lang='lat' dir='ltr'>delibor,</span> <span class='ocrx_word' id='word_1_56' title='bbox 348 1005 375 1054; x_wconf 78' lang='lat' dir='ltr'>dt</span> <span class='ocrx_word' id='word_1_57' title='bbox 385 1018 484 1069; x_wconf 78' lang='lat' dir='ltr'>tempus</span> <span class='ocrx_word' id='word_1_58' title='bbox 496 1000 656 1053; x_wconf 77' lang='lat' dir='ltr'>resolutionis</span> <span class='ocrx_word' id='word_1_59' title='bbox 671 1016 732 1053; x_wconf 73' lang='lat' dir='ltr'>mre</span> <span class='ocrx_word' id='word_1_60' title='bbox 750 1001 833 1053; x_wconf 83' lang='lat' dir='ltr'>insiat.</span> <span class='ocrx_word' id='word_1_61' title='bbox 850 1007 951 1058; x_wconf 76' lang='lat' dir='ltr'>bonnm</span> <span class='ocrx_word' id='word_1_62' title='bbox 964 1025 1024 1060; x_wconf 84' lang='lat' dir='ltr'>cer.</span> 
     </span>
     <span class='ocr_line' id='line_1_8' title="bbox 54 1070 1025 1146; baseline -0.005 -18"><span class='ocrx_word' id='word_1_63' title='bbox 54 1088 141 1128; x_wconf 75' lang='lat' dir='ltr'>tumeo</span> <span class='ocrx_word' id='word_1_64' title='bbox 155 1076 250 1128; x_wconf 78' lang='lat' dir='ltr'>certavi</span> <span class='ocrx_word' id='word_1_65' title='bbox 263 1074 376 1135; x_wconf 85' lang='lat' dir='ltr'>,cursum</span> <span class='ocrx_word' id='word_1_66' title='bbox 389 1070 575 1133; x_wconf 79' lang='lat' dir='ltr'>consummavi,</span> <span class='ocrx_word' id='word_1_67' title='bbox 590 1072 667 1121; x_wconf 89' lang='lat' dir='ltr'>sidem</span> <span class='ocrx_word' id='word_1_68' title='bbox 681 1071 784 1122; x_wconf 83' lang='lat' dir='ltr'>servavi.</span> <span class='ocrx_word' id='word_1_69' title='bbox 795 1072 825 1122; x_wconf 90' lang='lat' dir='ltr'>ln</span> <span class='ocrx_word' id='word_1_70' title='bbox 838 1077 936 1139; x_wconf 90' lang='lat' dir='ltr'>reliquo</span> <span class='ocrx_word' id='word_1_71' title='bbox 947 1095 1025 1146; x_wconf 81' lang='lat' dir='ltr'>repo.</span> 
     </span>
     <span class='ocr_line' id='line_1_9' title="bbox 54 1142 1028 1206; baseline 0.005 -11"><span class='ocrx_word' id='word_1_72' title='bbox 54 1147 98 1197; x_wconf 87' lang='lat' dir='ltr'>sita</span> <span class='ocrx_word' id='word_1_73' title='bbox 112 1148 147 1196; x_wconf 81' lang='lat' dir='ltr'>eli</span> <span class='ocrx_word' id='word_1_74' title='bbox 161 1147 222 1195; x_wconf 88' lang='lat' dir='ltr'>mibi</span> <span class='ocrx_word' id='word_1_75' title='bbox 235 1160 327 1194; x_wconf 85' lang='lat' dir='ltr'>corona</span> <span class='ocrx_word' id='word_1_76' title='bbox 341 1143 455 1205; x_wconf 77' lang='lat' dir='ltr'>justitia,</span> <span class='ocrx_word' id='word_1_77' title='bbox 468 1158 542 1206; x_wconf 86' lang='lat' dir='ltr'>quam</span> <span class='ocrx_word' id='word_1_78' title='bbox 555 1142 646 1192; x_wconf 87' lang='lat' dir='ltr'>reddet</span> <span class='ocrx_word' id='word_1_79' title='bbox 659 1143 722 1192; x_wconf 85' lang='lat' dir='ltr'>mibi</span> <span class='ocrx_word' id='word_1_80' title='bbox 739 1144 866 1195; x_wconf 76' lang='lat' dir='ltr'>Dominus</span> <span class='ocrx_word' id='word_1_81' title='bbox 884 1147 911 1195; x_wconf 89' lang='lat' dir='ltr'>in</span> <span class='ocrx_word' id='word_1_82' title='bbox 923 1148 967 1197; x_wconf 81' lang='lat' dir='ltr'>itta</span> <span class='ocrx_word' id='word_1_83' title='bbox 980 1151 1028 1200; x_wconf 71' lang='lat' dir='ltr'>dio</span> 
     </span>
     <span class='ocr_line' id='line_1_10' title="bbox 53 1213 597 1278; baseline -0.004 -14"><span class='ocrx_word' id='word_1_84' title='bbox 53 1213 129 1278; x_wconf 77' lang='lat' dir='ltr'>justus</span> <span class='ocrx_word' id='word_1_85' title='bbox 141 1214 230 1267; x_wconf 79' lang='lat' dir='ltr'>luder.</span> <span class='ocrx_word' id='word_1_86' title='bbox 249 1229 273 1265; x_wconf 88' lang='lat' dir='ltr'>a.</span> <span class='ocrx_word' id='word_1_87' title='bbox 287 1214 355 1265; x_wconf 81' lang='lat' dir='ltr'>Tim.</span> <span class='ocrx_word' id='word_1_88' title='bbox 371 1229 394 1264; x_wconf 86' lang='lat' dir='ltr'>c.</span> <span class='ocrx_word' id='word_1_89' title='bbox 411 1229 436 1274; x_wconf 75' lang='lat' dir='ltr'>q.</span> <span class='ocrx_word' id='word_1_90' title='bbox 450 1229 474 1261; x_wconf 91' lang='lat' dir='ltr'>v.</span> <span class='ocrx_word' id='word_1_91' title='bbox 492 1214 518 1261; x_wconf 80' lang='lat'>6.</span> <span class='ocrx_word' id='word_1_92' title='bbox 533 1227 557 1276; x_wconf 84' lang='lat'>7.</span> <span class='ocrx_word' id='word_1_93' title='bbox 571 1213 597 1262; x_wconf 89' lang='lat'>8.</span> 
     </span>
    </p>
   </div>
   <div class='ocr_carea' id='block_1_3' title="bbox 254 1454 823 1546">
    <p class='ocr_par' dir='ltr' id='par_1_5' title="bbox 254 1454 823 1546">
     <span class='ocr_line' id='line_1_11' title="bbox 254 1454 823 1546; baseline 0.004 -2"><span class='ocrx_word' id='word_1_94' title='bbox 254 1454 681 1544; x_wconf 69' lang='lat' dir='ltr'>sucuro</span> <span class='ocrx_word' id='word_1_95' title='bbox 769 1459 823 1546; x_wconf 75' lang='lat' dir='ltr'>r..</span> 
     </span>
    </p>
   </div>
   <div class='ocr_carea' id='block_1_4' title="bbox 351 1627 725 1727">
    <p class='ocr_par' dir='ltr' id='par_1_6' title="bbox 351 1627 725 1727">
     <span class='ocr_line' id='line_1_12' title="bbox 351 1627 725 1727; baseline -0.003 -24"><span class='ocrx_word' id='word_1_96' title='bbox 351 1632 408 1703; x_wconf 89' lang='lat' dir='ltr'>Dr</span> <span class='ocrx_word' id='word_1_97' title='bbox 421 1627 725 1727; x_wconf 75' lang='lat' dir='ltr'>perflentionibus.</span> 
     </span>
    </p>
   </div>
   <div class='ocr_carea' id='block_1_5' title="bbox 44 1781 1032 3634">
    <p class='ocr_par' dir='ltr' id='par_1_7' title="bbox 44 1781 1032 3634">
     <span class='ocr_line' id='line_1_13' title="bbox 57 1781 1024 1943; baseline 0 -94"><span class='ocrx_word' id='word_1_98' title='bbox 57 1786 177 1943; x_wconf 70' lang='lat' dir='ltr'>PER</span> <span class='ocrx_word' id='word_1_99' title='bbox 194 1805 290 1851; x_wconf 83' lang='lat' dir='ltr'>annos</span> <span class='ocrx_word' id='word_1_100' title='bbox 301 1802 451 1849; x_wconf 84' lang='lat' dir='ltr'>trecentos</span> <span class='ocrx_word' id='word_1_101' title='bbox 462 1781 618 1846; x_wconf 76' lang='lat' dir='ltr'>Ecclesiam</span> <span class='ocrx_word' id='word_1_102' title='bbox 631 1783 766 1867; x_wconf 82' lang='lat' dir='ltr'>persequi</span> <span class='ocrx_word' id='word_1_103' title='bbox 779 1784 908 1868; x_wconf 82' lang='lat' dir='ltr'>gentiles</span> <span class='ocrx_word' id='word_1_104' title='bbox 921 1781 1024 1869; x_wconf 75' lang='lat' dir='ltr'>perse-¹</span> 
     </span>
     <span class='ocr_line' id='line_1_14' title="bbox 126 1878 1024 1962; baseline -0.001 -18"><span class='ocrx_word' id='word_1_105' title='bbox 126 1883 273 1945; x_wconf 75' lang='lat' dir='ltr'>verdrunt.</span> <span class='ocrx_word' id='word_1_106' title='bbox 285 1881 411 1962; x_wconf 85' lang='lat' dir='ltr'>Fuitque</span> <span class='ocrx_word' id='word_1_107' title='bbox 423 1878 590 1958; x_wconf 83' lang='lat' dir='ltr'>Martyrum</span> <span class='ocrx_word' id='word_1_108' title='bbox 603 1878 756 1941; x_wconf 86' lang='lat' dir='ltr'>innumera</span> <span class='ocrx_word' id='word_1_109' title='bbox 777 1879 945 1942; x_wconf 90' lang='lat' dir='ltr'>multitudo.</span> <span class='ocrx_word' id='word_1_110' title='bbox 959 1879 1024 1943; x_wconf 88' lang='lat' dir='ltr'>Ne·</span> 
     </span>
     <span class='ocr_line' id='line_1_15' title="bbox 56 1971 1024 2055; baseline -0.002 -20"><span class='ocrx_word' id='word_1_111' title='bbox 56 1975 128 2036; x_wconf 88' lang='lat' dir='ltr'>ruini</span> <span class='ocrx_word' id='word_1_112' title='bbox 142 1977 289 2038; x_wconf 85' lang='lat' dir='ltr'>nocebant</span> <span class='ocrx_word' id='word_1_113' title='bbox 302 1971 478 2047; x_wconf 83' lang='lat' dir='ltr'>Christiani,</span> <span class='ocrx_word' id='word_1_114' title='bbox 491 1990 628 2034; x_wconf 88' lang='lat' dir='ltr'>manuum</span> <span class='ocrx_word' id='word_1_115' title='bbox 644 1973 775 2055; x_wconf 81' lang='lat' dir='ltr'>plerique</span> <span class='ocrx_word' id='word_1_116' title='bbox 789 1972 893 2034; x_wconf 89' lang='lat' dir='ltr'>labore</span> <span class='ocrx_word' id='word_1_117' title='bbox 904 2018 913 2046; x_wconf 95' lang='lat'>,</span> <span class='ocrx_word' id='word_1_118' title='bbox 923 1973 1024 2034; x_wconf 89' lang='lat' dir='ltr'>humi·</span> 
     </span>
     <span class='ocr_line' id='line_1_16' title="bbox 56 2062 1024 2150; baseline 0.001 -22"><span class='ocrx_word' id='word_1_119' title='bbox 56 2065 138 2129; x_wconf 89' lang='lat' dir='ltr'>litate</span> <span class='ocrx_word' id='word_1_120' title='bbox 147 2067 255 2131; x_wconf 79' lang='lat' dir='ltr'>summi</span> <span class='ocrx_word' id='word_1_121' title='bbox 267 2087 301 2132; x_wconf 89' lang='lat' dir='ltr'>ac</span> <span class='ocrx_word' id='word_1_122' title='bbox 309 2062 450 2129; x_wconf 75' lang='lat' dir='ltr'>modestia</span> <span class='ocrx_word' id='word_1_123' title='bbox 463 2064 663 2150; x_wconf 82' lang='lat' dir='ltr'>viventes[a].</span> <span class='ocrx_word' id='word_1_124' title='bbox 671 2064 765 2127; x_wconf 82' lang='lat' dir='ltr'>lmmd</span> <span class='ocrx_word' id='word_1_125' title='bbox 775 2064 919 2128; x_wconf 80' lang='lat' dir='ltr'>beneficia</span> <span class='ocrx_word' id='word_1_126' title='bbox 931 2067 1024 2129; x_wconf 86' lang='lat' dir='ltr'>multa</span> 
     </span>
     <span class='ocr_line' id='line_1_17' title="bbox 59 2156 1025 2243; baseline -0.002 -20"><span class='ocrx_word' id='word_1_127' title='bbox 59 2157 415 2243; x_wconf 80' lang='lat' dir='ltr'>tribuebant,largiffimis</span> <span class='ocrx_word' id='word_1_128' title='bbox 427 2156 836 2240; x_wconf 80' lang='lat' dir='ltr'>elecmosynis,infirmorum</span> <span class='ocrx_word' id='word_1_129' title='bbox 847 2160 1025 2233; x_wconf 85' lang='lat' dir='ltr'>curatione,</span> 
     </span>
     <span class='ocr_line' id='line_1_18' title="bbox 59 2251 1026 2336; baseline 0.002 -23"><span class='ocrx_word' id='word_1_130' title='bbox 59 2253 177 2335; x_wconf 85' lang='lat' dir='ltr'>aliisque</span> <span class='ocrx_word' id='word_1_131' title='bbox 190 2254 392 2336; x_wconf 79' lang='lat' dir='ltr'>frequentibus</span> <span class='ocrx_word' id='word_1_132' title='bbox 405 2253 499 2317; x_wconf 85' lang='lat' dir='ltr'>adhuc</span> <span class='ocrx_word' id='word_1_133' title='bbox 514 2252 671 2316; x_wconf 70' lang='lat' dir='ltr'>miraculis</span> <span class='ocrx_word' id='word_1_134' title='bbox 679 2251 827 2314; x_wconf 83' lang='lat' dir='ltr'>Omnibus</span> <span class='ocrx_word' id='word_1_135' title='bbox 841 2268 939 2314; x_wconf 89' lang='lat' dir='ltr'>tamen</span> <span class='ocrx_word' id='word_1_136' title='bbox 950 2253 1026 2315; x_wconf 91' lang='lat' dir='ltr'>odio</span> 
     </span>
     <span class='ocr_line' id='line_1_19' title="bbox 61 2342 1028 2428; baseline 0.001 -20"><span class='ocrx_word' id='word_1_137' title='bbox 61 2364 171 2420; x_wconf 88' lang='lat' dir='ltr'>erant,</span> <span class='ocrx_word' id='word_1_138' title='bbox 187 2347 220 2409; x_wconf 80' lang='lat' dir='ltr'>dr</span> <span class='ocrx_word' id='word_1_139' title='bbox 237 2347 286 2409; x_wconf 92' lang='lat' dir='ltr'>vel</span> <span class='ocrx_word' id='word_1_140' title='bbox 309 2344 398 2428; x_wconf 89' lang='lat' dir='ltr'>ipsum</span> <span class='ocrx_word' id='word_1_141' title='bbox 409 2342 567 2409; x_wconf 81' lang='lat' dir='ltr'>Christiani</span> <span class='ocrx_word' id='word_1_142' title='bbox 589 2363 701 2409; x_wconf 89' lang='lat' dir='ltr'>nomen</span> <span class='ocrx_word' id='word_1_143' title='bbox 721 2345 837 2408; x_wconf 85' lang='lat' dir='ltr'>crimini</span> <span class='ocrx_word' id='word_1_144' title='bbox 854 2346 1028 2409; x_wconf 88' lang='lat' dir='ltr'>habebatur.</span> 
     </span>
     <span class='ocr_line' id='line_1_20' title="bbox 62 2435 1027 2521; baseline 0.004 -23"><span class='ocrx_word' id='word_1_145' title='bbox 62 2436 181 2521; x_wconf 81' lang='lat' dir='ltr'>Absque</span> <span class='ocrx_word' id='word_1_146' title='bbox 196 2440 266 2502; x_wconf 91' lang='lat' dir='ltr'>Deo</span> <span class='ocrx_word' id='word_1_147' title='bbox 283 2436 339 2502; x_wconf 83' lang='lat' dir='ltr'>effe</span> <span class='ocrx_word' id='word_1_148' title='bbox 352 2438 539 2508; x_wconf 86' lang='lat' dir='ltr'>dicebantur,</span> <span class='ocrx_word' id='word_1_149' title='bbox 549 2435 629 2521; x_wconf 83' lang='lat' dir='ltr'>qudd</span> <span class='ocrx_word' id='word_1_150' title='bbox 637 2437 723 2500; x_wconf 88' lang='lat' dir='ltr'>idolis</span> <span class='ocrx_word' id='word_1_151' title='bbox 737 2456 893 2514; x_wconf 83' lang='lat' dir='ltr'>carerent,</span> <span class='ocrx_word' id='word_1_152' title='bbox 905 2437 1027 2520; x_wconf 76' lang='lat' dir='ltr'>soldque</span> 
     </span>
     <span class='ocr_line' id='line_1_21' title="bbox 44 2529 1027 2617; baseline -0.001 -22"><span class='ocrx_word' id='word_1_153' title='bbox 44 2547 167 2595; x_wconf 63' lang='lat' dir='ltr'>rutente</span> <span class='ocrx_word' id='word_1_154' title='bbox 180 2535 337 2595; x_wconf 87' lang='lat' dir='ltr'>adorarent</span> <span class='ocrx_word' id='word_1_155' title='bbox 350 2529 403 2617; x_wconf 75' lang='lat' dir='ltr'>[b].</span> <span class='ocrx_word' id='word_1_156' title='bbox 415 2530 541 2594; x_wconf 84' lang='lat' dir='ltr'>Summre</span> <span class='ocrx_word' id='word_1_157' title='bbox 555 2530 733 2594; x_wconf 86' lang='lat' dir='ltr'>videbantur</span> <span class='ocrx_word' id='word_1_158' title='bbox 753 2530 909 2615; x_wconf 85' lang='lat' dir='ltr'>impietatis</span> <span class='ocrx_word' id='word_1_159' title='bbox 922 2578 931 2607; x_wconf 93' lang='lat'><strong>‚</strong></span> <span class='ocrx_word' id='word_1_160' title='bbox 943 2552 1027 2614; x_wconf 54' lang='lat' dir='ltr'>quaes</span> 
     </span>
     <span class='ocr_line' id='line_1_22' title="bbox 62 2620 1028 2708; baseline 0.001 -21"><span class='ocrx_word' id='word_1_161' title='bbox 62 2643 189 2707; x_wconf 88' lang='lat' dir='ltr'>cumque</span> <span class='ocrx_word' id='word_1_162' title='bbox 208 2627 236 2687; x_wconf 93' lang='lat' dir='ltr'>in</span> <span class='ocrx_word' id='word_1_163' title='bbox 249 2625 446 2688; x_wconf 87' lang='lat' dir='ltr'>idololatriam</span> <span class='ocrx_word' id='word_1_164' title='bbox 458 2622 489 2685; x_wconf 81' lang='lat' dir='ltr'>dt</span> <span class='ocrx_word' id='word_1_165' title='bbox 500 2620 718 2707; x_wconf 77' lang='lat' dir='ltr'>superstitiones</span> <span class='ocrx_word' id='word_1_166' title='bbox 730 2621 781 2686; x_wconf 85' lang='lat' dir='ltr'>usu</span> <span class='ocrx_word' id='word_1_167' title='bbox 796 2626 936 2708; x_wconf 85' lang='lat' dir='ltr'>probatas</span> <span class='ocrx_word' id='word_1_168' title='bbox 948 2625 1028 2688; x_wconf 80' lang='lat' dir='ltr'>dice-</span> 
     </span>
     <span class='ocr_line' id='line_1_23' title="bbox 62 2714 1027 2803; baseline -0.002 -22"><span class='ocrx_word' id='word_1_169' title='bbox 62 2717 144 2781; x_wconf 87' lang='lat' dir='ltr'>bant.</span> <span class='ocrx_word' id='word_1_170' title='bbox 162 2717 189 2780; x_wconf 82' lang='grc' dir='ltr'>Α</span> <span class='ocrx_word' id='word_1_171' title='bbox 204 2718 371 2803; x_wconf 72' lang='grc' dir='ltr'>(ρεᾶιευΙίς</span> <span class='ocrx_word' id='word_1_172' title='bbox 388 2717 419 2779; x_wconf 83' lang='lat' dir='ltr'>lit</span> <span class='ocrx_word' id='word_1_173' title='bbox 436 2717 511 2779; x_wconf 86' lang='lat' dir='ltr'>ludis</span> <span class='ocrx_word' id='word_1_174' title='bbox 527 2716 650 2800; x_wconf 88' lang='lat' dir='ltr'>publicis</span> <span class='ocrx_word' id='word_1_175' title='bbox 666 2714 857 2780; x_wconf 80' lang='lat' dir='ltr'>abstinebant.</span> <span class='ocrx_word' id='word_1_176' title='bbox 871 2717 1027 2780; x_wconf 85' lang='lat' dir='ltr'>Abhorre·</span> 
     </span>
     <span class='ocr_line' id='line_1_24' title="bbox 63 2807 1029 2897; baseline 0.002 -25"><span class='ocrx_word' id='word_1_177' title='bbox 63 2811 135 2873; x_wconf 84' lang='lat' dir='ltr'>bont</span> <span class='ocrx_word' id='word_1_178' title='bbox 148 2812 164 2874; x_wconf 76' lang='lat' dir='ltr'>d</span> <span class='ocrx_word' id='word_1_179' title='bbox 179 2812 254 2891; x_wconf 87' lang='lat' dir='ltr'>jocis</span> <span class='ocrx_word' id='word_1_180' title='bbox 268 2812 299 2873; x_wconf 81' lang='lat' dir='ltr'>dr</span> <span class='ocrx_word' id='word_1_181' title='bbox 312 2812 425 2874; x_wconf 85' lang='lat' dir='ltr'>luxuria</span> <span class='ocrx_word' id='word_1_182' title='bbox 438 2809 483 2897; x_wconf 86' lang='lat' dir='ltr'>[c]</span> <span class='ocrx_word' id='word_1_183' title='bbox 499 2809 689 2891; x_wconf 82' lang='lat' dir='ltr'>:jejunabant</span> <span class='ocrx_word' id='word_1_184' title='bbox 700 2807 798 2894; x_wconf 67' lang='lat' dir='ltr'>saepd,</span> <span class='ocrx_word' id='word_1_185' title='bbox 818 2829 874 2874; x_wconf 86' lang='lat' dir='ltr'>nec</span> <span class='ocrx_word' id='word_1_186' title='bbox 890 2810 1029 2895; x_wconf 79' lang='lat' dir='ltr'>pretiosus</span> 
     </span>
     <span class='ocr_line' id='line_1_25' title="bbox 62 2902 1032 2975; baseline -0.002 -8"><span class='ocrx_word' id='word_1_187' title='bbox 62 2903 193 2969; x_wconf 84' lang='lat' dir='ltr'>vestibus</span> <span class='ocrx_word' id='word_1_188' title='bbox 205 2925 259 2968; x_wconf 90' lang='lat' dir='ltr'>nec</span> <span class='ocrx_word' id='word_1_189' title='bbox 272 2907 352 2969; x_wconf 91' lang='lat' dir='ltr'>cultu</span> <span class='ocrx_word' id='word_1_190' title='bbox 371 2905 523 2968; x_wconf 88' lang='lat' dir='ltr'>mundiore</span> <span class='ocrx_word' id='word_1_191' title='bbox 536 2904 703 2967; x_wconf 87' lang='lat' dir='ltr'>utebantur.</span> <span class='ocrx_word' id='word_1_192' title='bbox 713 2902 764 2966; x_wconf 90' lang='lat' dir='ltr'>Ob</span> <span class='ocrx_word' id='word_1_193' title='bbox 777 2905 841 2966; x_wconf 83' lang='lat' dir='ltr'>ltaec</span> <span class='ocrx_word' id='word_1_194' title='bbox 853 2904 955 2967; x_wconf 88' lang='lat' dir='ltr'>omnia</span> <span class='ocrx_word' id='word_1_195' title='bbox 972 2903 1032 2975; x_wconf 79' lang='lat' dir='ltr'>ab·,</span> 
     </span>
     <span class='ocr_line' id='line_1_26' title="bbox 67 2994 1030 3062; baseline 0 -3"><span class='ocrx_word' id='word_1_196' title='bbox 67 2994 143 3060; x_wconf 91' lang='lat' dir='ltr'>surdi</span> <span class='ocrx_word' id='word_1_197' title='bbox 156 3021 190 3062; x_wconf 93' lang='lat' dir='ltr'>ac</span> <span class='ocrx_word' id='word_1_198' title='bbox 205 2998 298 3062; x_wconf 82' lang='lat' dir='ltr'>trilles</span> <span class='ocrx_word' id='word_1_199' title='bbox 316 2998 505 3062; x_wconf 88' lang='lat' dir='ltr'>habebantur.</span> <span class='ocrx_word' id='word_1_200' title='bbox 521 2996 599 3061; x_wconf 78' lang='lat' dir='ltr'>Cium</span> <span class='ocrx_word' id='word_1_201' title='bbox 610 2996 687 3061; x_wconf 79' lang='lat' dir='ltr'>verb</span> <span class='ocrx_word' id='word_1_202' title='bbox 703 2997 738 3060; x_wconf 87' lang='lat' dir='ltr'>de</span> <span class='ocrx_word' id='word_1_203' title='bbox 749 2996 960 3061; x_wconf 69' lang='lat' dir='ltr'>resurredione</span> <span class='ocrx_word' id='word_1_204' title='bbox 971 2995 1030 3059; x_wconf 61' lang='lat' dir='ltr'>dis-¹</span> 
     </span>
     <span class='ocr_line' id='line_1_27' title="bbox 68 3088 1032 3176; baseline 0 -24"><span class='ocrx_word' id='word_1_205' title='bbox 68 3088 218 3168; x_wconf 88' lang='lat' dir='ltr'>sererent,</span> <span class='ocrx_word' id='word_1_206' title='bbox 232 3096 353 3176; x_wconf 73' lang='lat' dir='ltr'>virique</span> <span class='ocrx_word' id='word_1_207' title='bbox 370 3091 521 3156; x_wconf 77' lang='lat' dir='ltr'>iltrntert</span> <span class='ocrx_word' id='word_1_208' title='bbox 536 3091 567 3153; x_wconf 89' lang='lat' dir='ltr'>in</span> <span class='ocrx_word' id='word_1_209' title='bbox 580 3091 678 3175; x_wconf 84' lang='lat' dir='ltr'>quase</span> <span class='ocrx_word' id='word_1_210' title='bbox 694 3090 795 3155; x_wconf 87' lang='lat' dir='ltr'>selices</span> <span class='ocrx_word' id='word_1_211' title='bbox 806 3091 925 3155; x_wconf 85' lang='lat' dir='ltr'>futuros</span> <span class='ocrx_word' id='word_1_212' title='bbox 935 3090 1032 3161; x_wconf 81' lang='lat' dir='ltr'>cons·&#39;¹</span> 
     </span>
     <span class='ocr_line' id='line_1_28' title="bbox 67 3181 1030 3271; baseline 0.002 -26"><span class='ocrx_word' id='word_1_213' title='bbox 67 3183 285 3271; x_wconf 73' lang='lat' dir='ltr'>derent;plane</span> <span class='ocrx_word' id='word_1_214' title='bbox 297 3187 473 3250; x_wconf 87' lang='lat' dir='ltr'>videbantur</span> <span class='ocrx_word' id='word_1_215' title='bbox 485 3181 619 3249; x_wconf 88' lang='lat' dir='ltr'>insanire.</span> <span class='ocrx_word' id='word_1_216' title='bbox 628 3183 802 3248; x_wconf 77' lang='lat' dir='ltr'>Christianis</span> <span class='ocrx_word' id='word_1_217' title='bbox 811 3186 953 3267; x_wconf 77' lang='lat' dir='ltr'>praetered</span> <span class='ocrx_word' id='word_1_218' title='bbox 961 3205 1030 3247; x_wconf 89' lang='lat' dir='ltr'>om·</span> 
     </span>
     <span class='ocr_line' id='line_1_29' title="bbox 68 3277 1028 3364; baseline 0.001 -26"><span class='ocrx_word' id='word_1_219' title='bbox 68 3281 154 3343; x_wconf 90' lang='lat' dir='ltr'>nibus</span> <span class='ocrx_word' id='word_1_220' title='bbox 167 3280 383 3364; x_wconf 86' lang='lat' dir='ltr'>imputabantur</span> <span class='ocrx_word' id='word_1_221' title='bbox 395 3278 509 3344; x_wconf 87' lang='lat' dir='ltr'>nesaria</span> <span class='ocrx_word' id='word_1_222' title='bbox 520 3277 628 3350; x_wconf 87' lang='lat' dir='ltr'>multa,</span> <span class='ocrx_word' id='word_1_223' title='bbox 638 3296 707 3361; x_wconf 83' lang='lat' dir='ltr'>quae</span> <span class='ocrx_word' id='word_1_224' title='bbox 716 3279 799 3342; x_wconf 90' lang='lat' dir='ltr'>multi</span> <span class='ocrx_word' id='word_1_225' title='bbox 808 3279 949 3342; x_wconf 71' lang='lat' dir='ltr'>Haeretici</span> <span class='ocrx_word' id='word_1_226' title='bbox 961 3297 1028 3362; x_wconf 89' lang='lat' dir='ltr'>per·</span> 
     </span>
     <span class='ocr_line' id='line_1_30' title="bbox 67 3367 1029 3456; baseline 0.002 -25"><span class='ocrx_word' id='word_1_227' title='bbox 67 3389 229 3453; x_wconf 86' lang='lat' dir='ltr'>petrarent.</span> <span class='ocrx_word' id='word_1_228' title='bbox 244 3370 372 3436; x_wconf 85' lang='lat' dir='ltr'>Invisum</span> <span class='ocrx_word' id='word_1_229' title='bbox 384 3372 475 3455; x_wconf 81' lang='lat' dir='ltr'>igitur</span> <span class='ocrx_word' id='word_1_230' title='bbox 492 3390 585 3454; x_wconf 78' lang='lat' dir='ltr'>genus</span> <span class='ocrx_word' id='word_1_231' title='bbox 601 3367 737 3456; x_wconf 89' lang='lat' dir='ltr'>placebat</span> <span class='ocrx_word' id='word_1_232' title='bbox 752 3371 873 3434; x_wconf 73' lang='lat' dir='ltr'>abolere</span> <span class='ocrx_word' id='word_1_233' title='bbox 890 3372 941 3434; x_wconf 86' lang='lat' dir='ltr'>:in</span> <span class='ocrx_word' id='word_1_234' title='bbox 962 3372 1029 3433; x_wconf 84' lang='lat' dir='ltr'>exi·</span> 
     </span>
     <span class='ocr_line' id='line_1_31' title="bbox 62 3462 1029 3548; baseline 0.002 -22"><span class='ocrx_word' id='word_1_235' title='bbox 62 3462 136 3526; x_wconf 87' lang='lat' dir='ltr'>llum</span> <span class='ocrx_word' id='word_1_236' title='bbox 146 3484 195 3528; x_wconf 91' lang='lat' dir='ltr'>aur</span> <span class='ocrx_word' id='word_1_237' title='bbox 211 3486 344 3529; x_wconf 87' lang='lat' dir='ltr'>carceres</span> <span class='ocrx_word' id='word_1_238' title='bbox 357 3465 607 3542; x_wconf 82' lang='lat' dir='ltr'>conjiciebamus,</span> <span class='ocrx_word' id='word_1_239' title='bbox 618 3464 772 3548; x_wconf 88' lang='lat' dir='ltr'>publicatis</span> <span class='ocrx_word' id='word_1_240' title='bbox 786 3464 873 3526; x_wconf 87' lang='lat' dir='ltr'>bonis</span> <span class='ocrx_word' id='word_1_241' title='bbox 886 3486 896 3540; x_wconf 90' lang='lat'>;</span> <span class='ocrx_word' id='word_1_242' title='bbox 907 3466 943 3527; x_wconf 90' lang='lat' dir='ltr'>ad</span> <span class='ocrx_word' id='word_1_243' title='bbox 962 3485 1029 3528; x_wconf 85' lang='lat' dir='ltr'>me-</span> 
     </span>
     <span class='ocr_line' id='line_1_32' title="bbox 68 3556 1030 3634; baseline 0.005 -17"><span class='ocrx_word' id='word_1_244' title='bbox 68 3559 136 3618; x_wconf 92' lang='lat' dir='ltr'>talla</span> <span class='ocrx_word' id='word_1_245' title='bbox 158 3557 247 3620; x_wconf 80' lang='lat' dir='ltr'>vinsll</span> <span class='ocrx_word' id='word_1_246' title='bbox 267 3561 539 3634; x_wconf 86' lang='lat' dir='ltr'>mittebantur,aur</span> <span class='ocrx_word' id='word_1_247' title='bbox 554 3575 651 3621; x_wconf 86' lang='lat' dir='ltr'>morte</span> <span class='ocrx_word' id='word_1_248' title='bbox 673 3559 880 3621; x_wconf 85' lang='lat' dir='ltr'>multabantur.</span> <span class='ocrx_word' id='word_1_249' title='bbox 898 3556 939 3620; x_wconf 74' lang='lat' dir='ltr'>At</span> <span class='ocrx_word' id='word_1_250' title='bbox 961 3559 1030 3622; x_wconf 75' lang='lat' dir='ltr'>cium</span> 
     </span>
    </p>
   </div>
   <div class='ocr_carea' id='block_1_6' title="bbox 67 3648 1158 3738">
    <p class='ocr_par' dir='ltr' id='par_1_8' title="bbox 67 3648 1158 3738">
     <span class='ocr_line' id='line_1_33' title="bbox 67 3648 1158 3738; baseline 0.004 -28"><span class='ocrx_word' id='word_1_251' title='bbox 67 3648 265 3733; x_wconf 84' lang='lat' dir='ltr'>Imperatores</span> <span class='ocrx_word' id='word_1_252' title='bbox 289 3672 325 3716; x_wconf 94' lang='lat' dir='ltr'>ac</span> <span class='ocrx_word' id='word_1_253' title='bbox 356 3651 544 3738; x_wconf 86' lang='lat' dir='ltr'>Magistratus</span> <span class='ocrx_word' id='word_1_254' title='bbox 562 3652 833 3715; x_wconf 86' lang='lat' dir='ltr'>animadverterent</span> <span class='ocrx_word' id='word_1_255' title='bbox 853 3671 928 3726; x_wconf 86' lang='lat' dir='ltr'>eos,</span> <span class='ocrx_word' id='word_1_256' title='bbox 952 3652 1031 3715; x_wconf 78' lang='lat' dir='ltr'>adeo</span> <span class='ocrx_word' id='word_1_257' title='bbox 1154 3678 1158 3683; x_wconf 93' lang='lat'>·</span> 
     </span>
    </p>
   </div>
   <div class='ocr_carea' id='block_1_7' title="bbox 68 3746 1033 4296">
    <p class='ocr_par' dir='ltr' id='par_1_9' title="bbox 68 3746 1033 4296">
     <span class='ocr_line' id='line_1_34' title="bbox 71 3746 1031 3829; baseline 0.001 -23"><span class='ocrx_word' id='word_1_258' title='bbox 71 3762 198 3808; x_wconf 89' lang='lat' dir='ltr'>mortem</span> <span class='ocrx_word' id='word_1_259' title='bbox 217 3765 279 3807; x_wconf 90' lang='lat' dir='ltr'>nou</span> <span class='ocrx_word' id='word_1_260' title='bbox 294 3765 419 3829; x_wconf 91' lang='lat' dir='ltr'>pavere,</span> <span class='ocrx_word' id='word_1_261' title='bbox 437 3765 470 3807; x_wconf 88' lang='lat' dir='ltr'>ut</span> <span class='ocrx_word' id='word_1_262' title='bbox 479 3746 591 3809; x_wconf 88' lang='lat' dir='ltr'>alacres</span> <span class='ocrx_word' id='word_1_263' title='bbox 606 3766 671 3808; x_wconf 88' lang='lat' dir='ltr'>eam</span> <span class='ocrx_word' id='word_1_264' title='bbox 688 3765 743 3808; x_wconf 91' lang='lat' dir='ltr'>ceu</span> <span class='ocrx_word' id='word_1_265' title='bbox 754 3746 825 3807; x_wconf 81' lang='lat' dir='ltr'>vitae</span> <span class='ocrx_word' id='word_1_266' title='bbox 837 3762 957 3807; x_wconf 81' lang='lat' dir='ltr'>aeternae</span> <span class='ocrx_word' id='word_1_267' title='bbox 967 3747 1031 3808; x_wconf 89' lang='lat' dir='ltr'>adi·</span> 
     </span>
     <span class='ocr_line' id='line_1_35' title="bbox 71 3836 1032 3923; baseline 0.003 -25"><span class='ocrx_word' id='word_1_268' title='bbox 71 3854 152 3911; x_wconf 91' lang='lat' dir='ltr'>tum,</span> <span class='ocrx_word' id='word_1_269' title='bbox 165 3837 360 3922; x_wconf 87' lang='lat' dir='ltr'>susciperent,</span> <span class='ocrx_word' id='word_1_270' title='bbox 372 3836 521 3902; x_wconf 80' lang='lat' dir='ltr'>saeviffima</span> <span class='ocrx_word' id='word_1_271' title='bbox 541 3859 668 3923; x_wconf 81' lang='lat' dir='ltr'>quaeque</span> <span class='ocrx_word' id='word_1_272' title='bbox 679 3839 709 3900; x_wconf 89' lang='lat' dir='ltr'>in</span> <span class='ocrx_word' id='word_1_273' title='bbox 719 3858 773 3901; x_wconf 86' lang='lat' dir='ltr'>eos</span> <span class='ocrx_word' id='word_1_274' title='bbox 786 3858 939 3922; x_wconf 84' lang='lat' dir='ltr'>poenarum</span> <span class='ocrx_word' id='word_1_275' title='bbox 951 3840 1032 3901; x_wconf 82' lang='lat' dir='ltr'>adlui-</span> 
     </span>
     <span class='ocr_line' id='line_1_36' title="bbox 68 3929 1031 4016; baseline 0.004 -25"><span class='ocrx_word' id='word_1_276' title='bbox 68 3930 179 3992; x_wconf 90' lang='lat' dir='ltr'>bebant</span> <span class='ocrx_word' id='word_1_277' title='bbox 193 3951 320 4015; x_wconf 84' lang='lat' dir='ltr'>genera,</span> <span class='ocrx_word' id='word_1_278' title='bbox 335 3934 424 3995; x_wconf 87' lang='lat' dir='ltr'>novis</span> <span class='ocrx_word' id='word_1_279' title='bbox 438 3932 526 3994; x_wconf 88' lang='lat' dir='ltr'>etiam</span> <span class='ocrx_word' id='word_1_280' title='bbox 538 3930 721 4016; x_wconf 82' lang='lat' dir='ltr'>excogitatis</span> <span class='ocrx_word' id='word_1_281' title='bbox 734 3931 872 4014; x_wconf 84' lang='lat' dir='ltr'>Equuleis</span> <span class='ocrx_word' id='word_1_282' title='bbox 883 3929 1031 3995; x_wconf 79' lang='lat' dir='ltr'>distende·</span> 
     </span>
     <span class='ocr_line' id='line_1_37' title="bbox 72 4023 1031 4108; baseline 0.005 -24"><span class='ocrx_word' id='word_1_283' title='bbox 72 4023 144 4086; x_wconf 91' lang='lat' dir='ltr'>bant</span> <span class='ocrx_word' id='word_1_284' title='bbox 158 4025 335 4106; x_wconf 84' lang='lat' dir='ltr'>Martyres,</span> <span class='ocrx_word' id='word_1_285' title='bbox 356 4043 410 4089; x_wconf 88' lang='lat' dir='ltr'>aut</span> <span class='ocrx_word' id='word_1_286' title='bbox 431 4024 554 4107; x_wconf 89' lang='lat' dir='ltr'>pedibus</span> <span class='ocrx_word' id='word_1_287' title='bbox 575 4025 708 4107; x_wconf 87' lang='lat' dir='ltr'>pondere</span> <span class='ocrx_word' id='word_1_288' title='bbox 728 4027 858 4105; x_wconf 78' lang='lat' dir='ltr'>gravatis</span> <span class='ocrx_word' id='word_1_289' title='bbox 878 4023 1031 4108; x_wconf 88' lang='lat' dir='ltr'>suspende·</span> 
     </span>
     <span class='ocr_line' id='line_1_38' title="bbox 69 4115 1031 4202; baseline 0.004 -22"><span class='ocrx_word' id='word_1_290' title='bbox 69 4117 157 4180; x_wconf 87' lang='lat' dir='ltr'>bant:</span> <span class='ocrx_word' id='word_1_291' title='bbox 171 4139 269 4199; x_wconf 92' lang='lat' dir='ltr'>eoque</span> <span class='ocrx_word' id='word_1_292' title='bbox 286 4119 388 4181; x_wconf 84' lang='lat' dir='ltr'>habitu</span> <span class='ocrx_word' id='word_1_293' title='bbox 402 4118 590 4180; x_wconf 80' lang='lat' dir='ltr'>caedebantur</span> <span class='ocrx_word' id='word_1_294' title='bbox 609 4115 838 4201; x_wconf 82' lang='lat' dir='ltr'>virgis,serreis</span> <span class='ocrx_word' id='word_1_295' title='bbox 856 4118 972 4202; x_wconf 82' lang='lat' dir='ltr'>ungulis</span> <span class='ocrx_word' id='word_1_296' title='bbox 990 4121 1031 4184; x_wconf 86' lang='lat' dir='ltr'>la·</span> 
     </span>
     <span class='ocr_line' id='line_1_39' title="bbox 70 4209 1033 4296; baseline 0 -21"><span class='ocrx_word' id='word_1_297' title='bbox 70 4213 260 4287; x_wconf 83' lang='lat' dir='ltr'>ulabantnr,</span> <span class='ocrx_word' id='word_1_298' title='bbox 291 4213 381 4275; x_wconf 88' lang='lat' dir='ltr'>latera</span> <span class='ocrx_word' id='word_1_299' title='bbox 403 4210 515 4275; x_wconf 82' lang='lat' dir='ltr'>facibus</span> <span class='ocrx_word' id='word_1_300' title='bbox 541 4210 739 4274; x_wconf 87' lang='lat' dir='ltr'>adurebantnr</span> <span class='ocrx_word' id='word_1_301' title='bbox 770 4209 838 4296; x_wconf 76' lang='lat' dir='ltr'>[dl.</span> <span class='ocrx_word' id='word_1_302' title='bbox 858 4211 1033 4295; x_wconf 87' lang='lat' dir='ltr'>Aliquando</span> 
     </span>
    </p>
   </div>
   <div class='ocr_carea' id='block_1_8' title="bbox 792 4319 1024 4338">
    <p class='ocr_par' dir='ltr' id='par_1_10' title="bbox 792 4319 1024 4338">
     <span class='ocr_line' id='line_1_40' title="bbox 792 4319 1024 4338; baseline -0.004 0"><span class='ocrx_word' id='word_1_303' title='bbox 792 4319 1024 4338; x_wconf 46' lang='lat' dir='ltr'>-w</span> 
     </span>
    </p>
   </div>
   <div class='ocr_carea' id='block_1_9' title="bbox 96 4319 964 4495">
    <p class='ocr_par' dir='ltr' id='par_1_11' title="bbox 96 4319 964 4495">
     <span class='ocr_line' id='line_1_41' title="bbox 96 4319 895 4419; baseline 0 -16"><span class='ocrx_word' id='word_1_304' title='bbox 96 4322 152 4416; x_wconf 58' lang='lat' dir='ltr'>sul</span> <span class='ocrx_word' id='word_1_305' title='bbox 164 4358 246 4405; x_wconf 84' lang='lat' dir='ltr'>Clem.</span> <span class='ocrx_word' id='word_1_306' title='bbox 260 4356 333 4406; x_wconf 73' lang='lat' dir='ltr'>Alex.</span> <span class='ocrx_word' id='word_1_307' title='bbox 349 4368 371 4407; x_wconf 88' lang='lat' dir='ltr'>t.</span> <span class='ocrx_word' id='word_1_308' title='bbox 384 4319 587 4419; x_wconf 40' lang='lat' dir='ltr'>Parisii-csso..</span> <span class='ocrx_word' id='word_1_309' title='bbox 594 4352 671 4415; x_wconf 72' lang='lat' dir='ltr'>conss.</span> <span class='ocrx_word' id='word_1_310' title='bbox 683 4351 765 4417; x_wconf 69' lang='lat' dir='ltr'>Apoll.</span> <span class='ocrx_word' id='word_1_311' title='bbox 776 4368 801 4410; x_wconf 75' lang='grc'>4.</span> <span class='ocrx_word' id='word_1_312' title='bbox 812 4371 834 4406; x_wconf 87' lang='lat' dir='ltr'>c.</span> <span class='ocrx_word' id='word_1_313' title='bbox 847 4353 895 4404; x_wconf 87' lang='lat' dir='ltr'>ult.</span> 
     </span>
     <span class='ocr_line' id='line_1_42' title="bbox 105 4421 964 4495; baseline 0.014 -18"><span class='ocrx_word' id='word_1_314' title='bbox 105 4426 147 4493; x_wconf 77' lang='lat' dir='ltr'>tr)</span> <span class='ocrx_word' id='word_1_315' title='bbox 160 4426 271 4482; x_wconf 71' lang='lat' dir='ltr'>terrun.</span> <span class='ocrx_word' id='word_1_316' title='bbox 286 4425 394 4492; x_wconf 71' lang='lat' dir='ltr'>Apate.</span> <span class='ocrx_word' id='word_1_317' title='bbox 414 4440 437 4494; x_wconf 61' lang='grc' dir='ltr'>ς.</span> <span class='ocrx_word' id='word_1_318' title='bbox 451 4428 490 4495; x_wconf 66' lang='grc' dir='ltr'>ς.)</span> <span class='ocrx_word' id='word_1_319' title='bbox 506 4425 582 4482; x_wconf 63' lang='grc' dir='ltr'><strong>ιι...</strong></span> <span class='ocrx_word' id='word_1_320' title='bbox 601 4438 641 4490; x_wconf 68' lang='lat'>35.</span> <span class='ocrx_word' id='word_1_321' title='bbox 655 4421 699 4492; x_wconf 69' lang='lat' dir='ltr'>(a)</span> <span class='ocrx_word' id='word_1_322' title='bbox 712 4425 849 4489; x_wconf 69' lang='lat' dir='ltr'>transrot-</span> <span class='ocrx_word' id='word_1_323' title='bbox 862 4421 964 4491; x_wconf 60' lang='lat' dir='ltr'>rest*</span> 
     </span>
    </p>
   </div>
   <div class='ocr_carea' id='block_1_10' title="bbox 0 0 1308 5040">
    <p class='ocr_par' dir='ltr' id='par_1_12' title="bbox 0 0 1308 5040">
     <span class='ocr_line' id='line_1_43' title="bbox 0 0 1308 5040; baseline 0 0"><span class='ocrx_word' id='word_1_324' title='bbox 0 0 1308 5040; x_wconf 95' lang='lat' dir='ltr'> </span> 
     </span>
    </p>
   </div>
  </div>
 </body>
</html>
