2556 5040
172 643 245 722 ἰφ-ι
432 624 997 700 c‘naacntsnus'

176 754 306 838 petitio,
328 749 487 834 gratiarum
505 745 584 809 asilo
601 793 611 822 ,
630 747 755 808 oblatio.
778 770 804 808 ι.
824 745 924 810 Laude
943 744 1026 831 pute
1054 745 1173 815 Deitas

177 849 303 909 colimus
318 843 427 908 summe
440 839 626 925 perfeetum,
649 841 734 902 nullo
756 842 794 903 ad
813 860 870 902 nos
887 839 1022 923 respesiu
1039 863 1048 901 ε
1074 841 1166 907 caste

177 941 339 1024 gaudentes
352 935 432 1020 quod
446 936 587 997 maximus
599 933 651 1008 sit,
664 934 813 1016 optimus,
827 932 995 1013 juliillimus
1009 981 1020 1009 ,
1036 933 1166 1018 sapien-

176 1031 315 1095 tiffimus:
332 1031 396 1109 ejus
413 1029 646 1112 magnitudinem
667 1028 860 1110 predicantes
880 1047 916 1090 ac
937 1026 1163 1105 confitentes,

178 1143 334 1207 creataque
350 1124 451 1186 omnia
467 1123 504 1185 ad
520 1120 611 1206 ipsum
626 1120 779 1184 nobiscum
792 1121 972 1183 laudandum
984 1123 1168 1184 adhortan-

178 1235 232 1282 tes.
245 1241 273 1281 ι.
283 1216 431 1282 Peritione
449 1216 548 1279 Deum
562 1234 722 1300 rogamus,
741 1233 773 1277 ut
783 1216 862 1298 quod
874 1216 962 1277 nobis
974 1217 1164 1299 temporale

177 1313 229 1375 vel
238 1309 362 1394 spiritale
373 1310 548 1374 beneficium
563 1311 727 1383 concedat,
742 1329 843 1392 quove
860 1311 940 1371 malo
951 1311 1076 1372 liberet.
1093 1308 1162 1372 Ca·

179 1406 307 1468 nendum
320 1423 418 1468 autem
432 1404 557 1467 maxime
574 1402 634 1478 est,
647 1424 684 1465 ne
701 1405 771 1484 quid
785 1403 882 1466 dDeo
895 1401 947 1464 rifi
958 1404 1092 1487 dignum
1104 1423 1162 1488 pe·

180 1514 277 1560 tantus
288 1523 295 1560 :
307 1500 414 1583 nempe
431 1500 521 1562 vitam
535 1516 696 1571 aeternam,
709 1497 740 1559 dr
754 1517 821 1580 quae
835 1496 874 1560 ed
886 1497 1006 1560 deducit
1018 1498 1160 1581 gratiam

180 1592 377 1676 adimplenda
394 1593 539 1656 mandata.
547 1593 674 1675 Reliqua
686 1594 786 1653 omnia
796 1593 832 1653 ed
841 1590 953 1653 tamum
963 1592 1159 1655 conditione

181 1687 311 1769 petenda
323 1686 388 1748 sunt
399 1686 442 1763 ,fi
457 1706 577 1749 aeternae
586 1685 667 1749 saluti
681 1686 847 1768 expediant.
855 1662 938 1747 idem
947 1686 984 1746 de
998 1686 1090 1747 malis
1103 1686 1161 1760 def

182 1781 338 1862 precandis
355 1779 530 1844 censendum
546 1780 607 1842 eli:
623 1780 641 1842 ri
656 1777 721 1841 solo
738 1797 862 1864 peccato
879 1779 927 1840 vel
946 1777 1050 1841 sututo
1071 1799 1157 1862 prae·

183 1869 295 1937 servari
308 1921 316 1948 ,
330 1875 378 1937 vel
393 1875 453 1955 jam
473 1870 594 1937 admisso
614 1872 727 1936 absolvi
743 1872 816 1956 pure
834 1871 1003 1954 petendum.
1026 1895 1059 1957 3.
1076 1870 1160 1936 Gra·

183 1966 290 2030 riarum
307 1966 384 2031 aslio
400 1971 437 2031 ad
452 1989 487 2031 ea
504 1969 605 2030 omnia
621 1963 766 2030 beneficia
782 1960 911 2049 pertinet
929 2010 939 2040 ‚
957 1966 1056 2048 quaa
1076 1965 1157 2029 Deo

65 2055 68 2059 ’
184 2063 374 2143 accepimus,
390 2059 605 2144 accipimusque
625 2059 798 2143 perpetub3
821 2056 882 2120 sive
902 2057 1042 2141 spiritalia
1061 2103 1072 2134 ,
1090 2058 1158 2123 five

184 2155 361 2238 temporalia
373 2152 446 2216 sint:
459 2154 526 2217 cium
537 2173 597 2216 non
609 2152 705 2215 minius
717 2151 751 2213 srt
761 2169 875 2214 naturae
889 2153 1049 2229 conditor,
1062 2153 1157 2234 qudm

184 2248 288 2328 gratie
305 2248 436 2329 largitor.
456 2269 485 2322 4.
506 2246 671 2308 Oblatione
691 2245 796 2328 sponte
816 2245 972 2308 referimus
990 2248 1022 2308 in
1045 2245 1154 2310 Deum

184 2357 379 2420 quaecumque
391 2338 427 2399 ab
440 2337 504 2418 ipso
521 2338 707 2421 accepimus:
721 2339 838 2414 dando,
856 2338 1042 2423 dicendoque
1054 2359 1155 2424 opes

184 2449 293 2515 corpus
310 2452 375 2492 cum
394 2429 537 2506 sensibus,
549 2434 677 2520 animam
692 2453 760 2496 cum
777 2431 983 2506 facultatibus,
1002 2432 1152 2516 quidquid

185 2525 314 2606 denique
327 2523 439 2588 sumus:
452 2525 511 2588 sive
526 2527 595 2608 quid
609 2544 686 2588 voto
700 2526 749 2590 vel
763 2526 841 2588 nudd
855 2526 1071 2609 pollicitatione
1082 2546 1153 2610 pro·

184 2619 348 2694 mittendo,
353 2615 416 2682 'srve
431 2621 511 2703 quod
522 2619 600 2683 teile
612 2619 719 2682 fasium
731 2640 782 2683 ant
795 2620 913 2682 fortiter
924 2621 1088 2682 toleratum
1100 2619 1153 2682 of·

185 2709 595 2794 serendo.eusummoe1us
609 2714 641 2775 in
656 2732 713 2776 nos
725 2714 799 2778 vel
792 2714 904 2775 invitos
923 2712 1059 2776 dominio
1075 2713 1154 2797 pure

185 2804 404 2890 acquiescentes
418 2828 425 2867 :
438 2808 524 2890 idme
533 2829 570 2870 ex
579 2807 679 2869 animo
692 2808 838 2870 donantes
852 2807 934 2887 quod
947 2825 1039 2869 unum
1060 2807 1153 2870 nobis

186 2898 349 2975 concessit,
376 2901 562 2964 voluntatem
580 2898 720 2983 usumque
744 2901 896 2963 libertatis.
919 2899 1021 2982 ltaque
1047 2898 1154 2964 Deum

186 2993 261 3054 vere
276 2992 463 3075 diligentibus
475 3011 623 3076 nunquam
636 2991 737 3055 desunt
745 3009 918 3075 argumenta
932 3013 999 3055 cum
1012 2990 1075 3074 ipso
1088 2993 1156 3069 colq

184 3085 337 3164 loquendi.
355 3083 396 3145 At
413 3085 483 3167 quid
501 3093 654 3147 oraremus
665 3083 738 3148 sicut
754 3087 915 3168 oportebat
929 3084 1154 3165 nesciebamus,

185 3176 241 3242 nin
256 3196 312 3239 nos
323 3174 447 3260 Spiritus
461 3171 601 3240 docuifl'er
616 3169 675 3260 (a).
687 3176 793 3260 Quare
804 3177 932 3240 sormam
951 3179 1039 3243 nobis
1050 3177 1154 3241 Chris·

186 3285 235 3333 tus
251 3271 398 3333 orationis
410 3270 509 3347 dedir,
525 3277 630 3333 omnes
642 3270 705 3350 ejus
724 3269 851 3334 omnind
872 3290 970 3354 partes
990 3272 1153 3336 continen-

187 3381 249 3428 tem
259 3413 268 3441 ,
278 3386 345 3449 quae
355 3362 397 3428 est
408 3364 519 3428 Oratio
531 3364 703 3429 Dominica.
715 3364 830 3430 Omnes
839 3366 875 3430 ad
885 3364 985 3429 Deum
995 3366 1153 3431 orationes

186 3478 242 3542 per
256 3457 403 3522 Christum
418 3460 587 3543 dirigimus,
604 3460 673 3542 quia
686 3481 741 3524 nec
754 3459 916 3543 quidquam
930 3457 984 3521 nifi
1000 3458 1064 3538 ejus
1085 3481 1153 3523 me-

187 3551 252 3614 ritis
260 3550 423 3635 speramus,
432 3571 488 3616 nec
500 3551 553 3614 nifi
562 3554 643 3636 quod
653 3553 712 3638 ipse
720 3555 934 3638 proberpetere
943 3553 1084 3615 debemus
1095 3552 1153 3638 (b).

187 3644 268 3708 cum
280 3645 401 3710 §ansius
412 3646 492 3709 coelo
504 3645 564 3726 jam
578 3662 713 3730 receptos
733 3666 888 3731 precamur
902 3695 911 3721 ,
923 3647 951 3708 id
971 3646 1065 3708 modo
1083 3646 1153 3728 pos·

186 3740 314 3803 tulamus
326 3787 335 3815 ,
346 3757 379 3803 ιιι
393 3758 451 3823 pro
466 3740 552 3803 nobis
569 3757 677 3816 orent,
688 3757 721 3803 ut
736 3741 775 3803 ab
788 3740 824 3802 iis
841 3741 936 3823 quiin
953 3742 1039 3804 tertis
1052 3739 1152 3807 adbuc

187 3828 508 3910 versantur,solemus.
527 3891 533 3897 .

119 3956 122 3960 ’
221 3966 262 4031 (ιι)
276 3967 347 4020 Rom.
362 3983 384 4020 t.
403 3970 428 4021 8.
441 3985 467 4020 ν.
490 3969 789 4034 immurmurans.
810 3968 1042 4041 melitanae.
1161 4037 1167 4054 ‚

446 4086 516 4148 TE
536 4089 558 4146 S
581 4085 695 4148 TIM
714 4089 741 4150 0
760 4090 795 4149 Ν
811 4087 831 4150 l
847 4090 889 4150 A·

222 4223 381 4284 benedicam
392 4223 551 4278 Dominum·
544 4240 571 4276 ιιι
584 4226 653 4276 οιιιιιὶ
646 4237 800 4293 rtzempore
812 4225 913 4291 semper
934 4228 973 4277 lau
959 4225 1049 4288 urejut
1064 4226 1090 4277 irr
1104 4243 1152 4283 ora

187 4308 256 4353 metr.
232 4292 345 4355 onMag
349 4280 389 4342 ilic
376 4305 433 4344 cate
452 4293 592 4347 Dominum
617 4311 737 4347 mecum:
752 4296 1012 4347 &exaltemusnom
1014 4313 1045 4347 en
1046 4296 1151 4389 ‘ejusin

190 4360 400 4443 mirramptmrsr
403 4378 565 4428 ····vrrv2
567 4378 615 4427 ι

223 4433 275 4482 Bru
279 4430 385 4481 edicat
362 4445 427 4484 ιιιιιιι
451 4447 508 4482 mna
530 4437 665 4488 Domino:
679 4433 789 4486 Domine
805 4433 875 4487 Deus
890 4451 960 4489 meur
973 4434 1152 4503 magnificatur

187 4505 400 4561 errebsmeuter.
415 4500 454 4568 ΡΙ.
473 4515 531 4566 ror.

549 4702 668 4793 f..

805 4620 921 4683 *ν
