2556 5040
287 590 642 666 utstontcus
689 580 882 664 usion:
1016 596 1089 689 arr·

128 704 233 782 Patres
245 710 336 774 nollri
349 707 487 775 Gentiles
498 712 601 794 procul
615 726 697 772 erant
707 710 724 773 ri
736 711 805 773 Deo
818 757 828 786 ,
844 710 874 772 dr
887 708 924 773 ab
935 708 998 790 ejus
1014 731 1088 794 pro·

134 805 220 873 otidis
229 806 334 868 alieni:
347 821 377 867 at
389 800 519 867 Christus
531 801 663 866 seciteos
675 803 789 886 prope,
801 804 1003 867 reconciliavit
1015 804 1089 869 Deo

135 920 191 986 per
203 917 320 962 crucem
333 895 429 973 suam,
446 895 478 958 δι
491 894 624 960 Ecclesiae
643 898 873 978 concorporales
885 895 953 957 fecit
966 920 973 956 :
986 898 1019 960 ln
1032 916 1090 980 qua

136 1010 196 1057 nos
212 984 316 1053 affidul
332 991 426 1054 verbo
440 980 491 1053 luo
507 990 613 1064 docet,
635 989 666 1049 dt
678 1008 807 1072 corpore
823 991 946 1072 proptio
958 990 1092 1073 quotidie

135 1083 242 1195 pascit,
254 1083 452 1146 haereditatem
462 1083 713 1166 incorruptibilem
722 1081 908 1165 expediantes
916 1081 1092 1146 reservatam

137 1198 173 1242 tn
188 1176 270 1238 coelis
289 1174 342 1260 (g).
359 1175 475 1238 Summe
492 1177 674 1260 ingratorum
699 1172 769 1239 esset
787 1193 845 1237 tam
864 1177 976 1238 bonum
992 1175 1094 1239 Deum

138 1270 299 1334 redamare.
318 1269 357 1329 At
372 1268 392 1330 st
405 1289 471 1331 eum
490 1269 652 1352 diligimus,
673 1267 703 1329 bt
721 1269 822 1331 omnia
840 1268 905 1346 eius
922 1287 1012 1351 opera
1028 1269 1096 1332 dili·

143 1362 237 1448 genda
253 1359 334 1435 sunt}
347 1363 472 1423 maximi
482 1362 638 1435 homines,
653 1359 756 1424 fratres
765 1354 874 1437 nostri,
892 1360 955 1442 ejus
963 1360 1049 1444 aequd
1061 1366 1097 1424 ac

140 1466 197 1521 'nos
209 1456 359 1539 imagines.
380 1452 444 1536 Qui
463 1473 524 1517 non
537 1455 630 1536 diligit
650 1452 770 1517 sratrem
788 1453 870 1517 suum
888 1463 974 1537 quem
994 1453 1100 1533 videt,

143 1544 244 1615 Deum
252 1562 336 1630 quem
344 1566 405 1609 non
414 1546 514 1622 vider,
524 1544 781 1631 quomodbpoteli
790 1547 911 1631 diligere
922 1546 987 1633 (i)i
998 1544 1102 1610 Proxi-

144 1656 226 1706 tnum
239 1639 360 1723 quisque
370 1655 401 1702 ut
413 1637 532 1723 seipsum
546 1659 645 1713 amate
656 1640 752 1703 debet.
763 1638 861 1703 Porto
874 1639 1005 1725 nosipsos
1016 1640 1103 1702 deba

144 1751 209 1799 mus
219 1753 279 1796 non
293 1731 345 1795 nrfi
355 1752 477 1816 propter
490 1733 590 1795 Deum
601 1742 699 1794 amare
713 1754 720 1792 :
732 1733 796 1812 ejus
807 1733 838 1794 in
853 1752 909 1796 nos
921 1734 1016 1796 amori
1028 1752 1104 1797 con·

141 1825 320 1901 sentientes,
337 1838 393 1889 nec
409 1824 486 1887 aliud
506 1844 643 1909 optantes
659 1826 792 1901 bonum,
815 1826 902 1910 quim
918 1825 998 1909 quod
1016 1825 1105 1890 nobie

142 1919 204 2005 lpse
221 1922 307 1994 vulr;
327 1919 396 2002 quia
415 1917 494 1982 aliud
515 1917 637 1982 nonest
658 1919 745 1981 nobis
767 1918 839 1982 verb
865 1922 986 1983 bonum.
1007 1917 1050 1980 lta
1072 1917 1106 1982 dt

167 2013 312 2076 rotimum
328 2012 467 2076 debemus
482 2011 624 2097 diligere,
636 2011 858 2094 necquidquam
871 2011 922 2095 ipsr
938 2010 989 2073 nist
1001 2018 1107 2075 reruni
1195 2087 1197 2090 ¹

144 2026 258 2171 bonum
271 2120 322 2169 aut
335 2121 440 2190 optate
451 2116 501 2168 abt
516 2116 698 2189 procurare,
721 2106 750 2166 id
768 2103 810 2166 esi
827 2104 967 2187 quidquid
980 2102 1019 2167 ed
1032 2123 1108 2168 con·

146 2199 227 2264 ducit
240 2216 273 2263 ut
285 2196 386 2263 Deum
402 2198 483 2261 norit
493 2196 524 2260 bc
537 2207 604 2261 toto
616 2197 707 2260 corde
719 2198 820 2281 diligat
834 2196 882 2282 (i).
898 2196 946 2258 Est
957 2199 1044 2280 igitur
1059 2197 1108 2261 hie

147 2293 227 2356 ordo
248 2292 420 2356 charitatist
442 2290 541 2354 Deum
563 2289 647 2374 super
670 2291 772 2353 omnia
796 2290 937 2374 diligere:
953 2289 1059 2353 deinde
1076 2291 1111 2353 in

149 2385 239 2449 nobis
255 2382 287 2446 dl
306 2384 338 2446 in
352 2384 490 2468 proximo
507 2384 632 2446 animant
643 2382 680 2446 ad
693 2383 757 2462 ejus
769 2383 926 2466 imaginem
942 2382 1109 2446 conditam:

152 2475 281 2559 denique
295 2492 422 2559 corpus,
445 2472 516 2538 ideo
531 2474 637 2540 faunu
652 2492 684 2537 ut
702 2478 809 2538 animae
826 2474 972 2539 inserviat.
991 2474 1112 2539 Amoris

150 2568 246 2633 divini
262 2582 464 2653 argumernunt
484 2565 548 2644 est,
564 2567 628 2650 ejus
643 2568 778 2632 mandata
799 2566 902 2632 tenire
923 2567 955 2631 dr
972 2568 1100 2637 servaret

185 2712 228 2776 (3)
247 2706 336 2774 prefi
347 2724 374 2775 c.¹
384 2724 405 2772 ς.
421 2723 445 2760 t.
456 2709 524 2761 Petr.
536 2722 552 2759 e
578 2726 600 2762 t.
611 2725 635 2760 ν.
645 2724 670 2773 4
690 2709 733 2778 (lt)
745 2726 767 2763 r.
778 2712 853 2767 ioan.
867 2725 890 2765 e.
900 2725 925 2775 4.
937 2725 962 2764 ν.
973 2720 1015 2764 20·

187 2781 226 2844 (t)
236 2776 301 2847 lug.
322 2795 345 2830 1.
358 2778 443 2830 θοᾶν.
456 2778 514 2830 Cleri
525 2794 547 2832 c.
566 2792 607 2830 τι.
617 2777 663 2834 ἃς.

410 2901 855 2973 scrumosum

187 3024 324 3099 Magister,
342 3029 410 3095 quod
425 3029 461 3081 eli
475 3030 620 3081 mundatum
643 3044 760 3096 mugnone
782 3033 809 3084 ln
831 3026 915 3103 leges
934 3023 1033 3103 Diliget
1060 3024 1119 3087 be·

156 3104 253 3155 lirinum
275 3098 545 3152 neminemnam.
564 3116 585 3150 r.
600 3114 640 3151 ιι.
655 3115 679 3151 ν.
698 3104 737 3161 36.
758 3106 798 3165 37.

155 3173 260 3306 Pstprrld
279 3171 416 3221 retribuam
441 3170 576 3234 Domino,
599 3183 646 3238 pro
665 3171 784 3222 omnibus
813 3186 865 3237 que
895 3175 1014 3226 retribuit
1035 3166 1118 3227 nibil

190 3278 197 3292 .
219 3255 272 3301 ιις.
286 3256 308 3289 ν.
324 3254 364 3290 tt.

191 3310 276 3360 Minor
298 3307 351 3359 sum
371 3302 467 3359 tundit
480 3304 683 3358 mlleutlonlbut
703 3307 771 3370 tuit,
794 3300 822 3357 ἃ
836 3312 944 3362 veritate
957 3311 1019 3372 tud,
1041 3317 1117 3377 pram

158 3377 291 3444 explerilll
308 3376 379 3428 seruo
396 3387 448 3426 tuo.
468 3371 531 3425 Gerra
547 3387 586 3431 tt.
600 3390 625 3427 r.
640 3389 680 3426 rer

193 3448 249 3515 lloc
262 3444 297 3496 eli
309 3457 463 3512 preceptum
476 3458 576 3502 meum.
588 3456 616 3496 ut
623 3444 733 3509 diligatis
751 3445 859 3496 lnrtlctm
871 3479 881 3509 ,
903 3446 965 3498 deut
976 3450 1054 3500 dilexi
1066 3465 1122 3504 vor.

159 3516 192 3569 ln
208 3517 256 3567 ltoc
272 3513 424 3580 cognoscent
436 3527 524 3563 omnes
541 3514 597 3579 qula
618 3512 733 3579 discipuli
753 3516 803 3565 mel
822 3515 896 3577 eliis,
919 3516 936 3565 fl
959 3519 1122 3573 diledionen

160 3585 299 3639 debueritis
312 3584 343 3634 td
361 3583 479 3634 invicem.
492 3581 567 3635 seen.
580 3598 602 3633 t.
616 3597 655 3640 tt.
674 3597 697 3632 ν.
711 3595 749 3634 tt.
763 3581 828 3632 ibid.
840 3600 865 3638 r.
874 3597 912 3644 ta.
932 3592 957 3634 t.
969 3601 1008 3650 35.

197 3656 299 3706 Nemini
312 3655 444 3717 quidquam
463 3652 593 3716 debeatis,
612 3653 655 3702 nisl
679 3664 707 3703 ut
726 3653 834 3703 lnticem
848 3656 892 3705 dili
911 3657 977 3706 atie:
1006 3658 1032 3706 ul
1052 3658 1123 3712 enirn

161 3724 247 3788 diligit
275 3725 433 3790 proximum,
454 3722 538 3786 legem
558 3723 681 3787 implerit.
700 3723 783 3772 Nani:
797 3723 854 3773 Non
876 3737 889 3772 a
910 3672 1049 3784 ulterabitt
1071 3738 1123 3780 non

162 3794 286 3852 occidesr
308 3792 334 3840 δι
354 3793 371 3842 d
392 3792 459 3856 quod
478 3790 514 3840 est
535 3791 612 3841 allum
630 3792 790 3852 mundatum,
813 3793 843 3853 ln,
864 3792 912 3842 boc
935 3795 1013 3844 verbo
1031 3790 1125 3849 instabe

162 3870 231 3916 tatur
250 3881 255 3912 ε
269 3862 364 3926 Diliget
378 3861 521 3927 proximum
536 3871 607 3910 tuum
621 3850 680 3911 licut
693 3858 810 3929 teipsum.
824 3860 897 3914 Rom.
908 3876 929 3908 e·
942 3874 980 3922 ta.
991 3878 1015 3912 ν.
1028 3866 1052 3916 8.
1062 3881 1089 3927 9.

199 3933 251 3993 Qui
266 3930 345 3980 servat
357 3931 460 3981 verbum
474 3928 550 3990 eius,
573 3930 632 3981 vere
651 3933 677 3981 in
694 3931 743 3980 hoe
763 3931 872 3981 ebaritas
885 3930 937 3980 Dei
953 3931 1061 3998 persedit
1079 3924 1125 3990 effi

162 3998 326 4063 Clarissimi,
348 4008 400 4049 non
427 4002 572 4050 mandatum
598 4014 689 4050 norum
708 3999 788 4050 scribo
807 3998 897 4057 vobis,
915 3998 957 4050 sed
979 4005 1126 4059 mandarun

165 4080 246 4121 uetur.
261 4066 354 4128 1tenlm
372 4071 517 4119 mandatum
539 4084 631 4133 novum
654 4067 733 4119 scribo
746 4069 827 4120 vobit.
848 4067 901 4129 Qut
915 4069 998 4135 diligit
1022 4071 1127 4128 srttted

163 4138 234 4193 suum
249 4173 257 4199 ,
279 4142 309 4263 lp
316 4139 410 4192 lumine
429 4132 516 4191 menet
524 4170 534 4205 ,
546 4136 724 4193 &remeatum
735 4142 764 4193 lu
781 4151 813 4191 eo
826 4137 935 4190 tronelli
947 4136 1087 4199 udonem
1101 4143 1129 4201 ir

164 4220 191 4264 νο
212 4224 273 4276 ,⁸7¹
311 4221 332 4259 fe

883 4500 984 4609 utu
1035 4520 1070 4531 ··
1142 4540 1146 4547 -
