2556 5040
209 599 282 688 me
461 550 985 665 ctrscnisnus

283 811 599 827 --—
726 756 729 763 ’
1117 759 1197 846 sta

389 911 743 996 LECTIO
823 912 978 996 LIX.

309 1108 365 1177 De
392 1101 581 1174 minoribus
610 1099 643 1174 sc
668 1098 858 1192 majoribus
877 1102 1084 1176 Ordinibus.

270 1265 432 1327 lmncicsts
444 1264 614 1325 clericatum
628 1283 682 1345 pet
695 1260 844 1324 tonsuram
859 1261 1021 1345 ingressus,
1040 1266 1115 1329 hinc
1128 1269 1194 1349 pm

274 1360 353 1421 miim
364 1360 399 1420 ad
409 1376 535 1439 quatuor
544 1358 675 1418 minores
684 1354 814 1418 Ordines
826 1356 1041 1439 transgreditur
1053 1380 1063 1434 3
1074 1361 1191 1424 deinde

208 1456 315 1514 adires
327 1453 462 1529 majores.
474 1447 827 1525 MinoressuntOsiiatii‚
840 1450 987 1524 bebetis,
997 1451 1195 1529 Exotciliae‚

208 1546 240 1606 δι
256 1547 378 1624 Acolyti
393 1567 399 1604 :
414 1543 483 1605 ided
501 1544 623 1604 inllituti
639 1561 670 1604 ut
686 1543 793 1625 publici
808 1541 942 1604 Ecclesiae
956 1544 1120 1608 ministerii
1136 1550 1190 1610 vel

207 1638 492 1701 infimaesundliones
500 1635 879 1716 consectarentur.Acolyti
887 1634 1067 1721 Episcopum
1075 1642 1195 1723 ubique

208 1732 288 1815 sequi
302 1735 429 1804 debent;
450 1730 481 1790 δι
494 1730 524 1789 iti
538 1729 666 1821 Ecclesia
679 1729 854 1791 candelabra
869 1728 985 1792 deserte
1001 1777 1011 1805 ,
1026 1732 1196 1796 luminatia

206 1828 389 1900 accendere,
406 1827 506 1885 viniini
522 1824 669 1904 &aquam
680 1824 709 1882 in
723 1821 891 1884 sacrificium
903 1844 1017 1904 parare.
1032 1824 1196 1908 Reliquo-

206 1941 272 1982 rtini
289 1939 412 1981 munera
422 1938 458 1979 ex
473 1915 642 1978 nominibus
658 1933 766 1998 patent.
779 1915 927 1996 Quamvis
941 1937 1043 1979 autent
1064 1918 1192 2001 postre-

205 2034 324 2075 morum
336 2029 502 2091 tempotum
514 2000 693 2092 negligentid
705 2009 810 2069 horum
822 2009 954 2071 omnium
964 2009 1125 2075 Ordinum
1137 2015 1193 2076 mi-

205 2107 324 2168 nisteria
340 2107 356 2166 d
374 2105 455 2166 laicis
470 2122 522 2164 aut
539 2101 724 2185 Presbytetis
744 2100 806 2163 sere
833 2101 948 2165 soleant
969 2108 1136 2181 exerceri5
1152 2128 1190 2171 ea

206 2219 306 2260 tamen
319 2197 454 2260 Ecclesia:
467 2215 549 2257 mens
561 2194 621 2269 eli,
635 2195 836 2276 nequinum
852 2195 1190 2278 potell,restituantur,

205 2290 328 2355 admissis
337 2292 445 2362 etiam,
459 2288 566 2370 siopus
577 2285 630 2362 sit,
645 2286 770 2350 Clericis
779 2289 945 2370 conjugatis
958 2290 1013 2374 [a].
1023 2292 1111 2355 Sacri
1126 2294 1189 2357 Ot-

206 2386 289 2446 dines
302 2383 365 2444 sunt
379 2382 556 2443 Subdiacotii
567 2427 575 2454 ,
587 2379 736 2456 Diaconi,
753 2381 783 2442 di
798 2380 979 2462 Presbyteri.
992 2386 1034 2445 ili
1051 2387 1190 2451 ministe‹

204 2479 254 2541 tio
268 2473 463 2540 ecclesiastico
481 2475 612 2556 illigant,
633 2492 665 2536 ut
681 2474 744 2554 jain
757 2495 811 2537 nec
830 2476 902 2539 illud
916 2475 1053 2541 deserere
1069 2481 1186 2556 liceat,

205 2591 263 2634 nec
278 2591 402 2634 uxorein
417 2569 525 2632 ducere
533 2589 543 2643 3
556 2588 614 2629 nec
626 2567 826 2630 subdiaconus
838 2569 995 2632 ordinatur
1008 2572 1192 2658 quisquam,

206 2667 278 2747 quin
293 2665 504 2726 continentiam
517 2663 646 2722 voverit.
668 2661 708 2722 Hi
724 2663 811 2724 etiam
826 2662 883 2723 ritu
898 2661 1076 2734 solemniori
1096 2669 1183 2730 ordi·

207 2779 314 2822 nantur
328 2756 379 2841 [b].
396 2757 567 2819 Recitantur
580 2753 664 2836 supet
681 2773 734 2816 eos
748 2755 890 2831 bitaniae,
910 2754 997 2818 sactis
1015 2758 1190 2824 induuntur

134 2906 137 2914 .
206 2852 355 2925 vestibus,
368 2850 576 2932 precesmultae
588 2847 759 2910 funduntur.
774 2848 948 2931 Superiores
962 2869 1072 2915 onmes
1081 2851 1182 2915 Ordi-

206 2951 260 3008 nes
273 2945 308 3006 ad
322 2945 519 3007 Diaconatum
530 2940 725 3016 reseruntur,
741 2939 872 3003 Diaconi
888 2942 1011 3021 juvandi
1025 2946 1119 3009 causti
1133 2947 1183 3009 in·

207 3035 345 3099 trodusli.
357 3036 453 3114 Hujus
466 3051 561 3096 autem
572 3033 732 3095 Ordinatio
745 3032 912 3115 Presbyteri
924 3037 954 3097 in
968 3039 1070 3102 multis
1080 3039 1189 3103 similis

205 3129 258 3194 est.
271 3131 403 3210 Uterque
420 3126 555 3189 Ecclesia
566 3129 657 3189 totius
669 3128 787 3188 nomine
798 3130 951 3190 exhibetur
963 3131 1001 3191 ab
1015 3133 1185 3197 Archidia·

205 3238 289 3286 cono
299 3269 307 3296 ,
319 3224 370 3304 qui
386 3223 506 3305 dignum
517 3217 573 3282 elle
589 3218 708 3282 rellatut
722 3241 728 3279 :
742 3223 901 3304 populique
913 3220 1030 3309 insuper
1043 3224 1184 3290 tellinio·

206 3320 289 3380 nium
304 3313 463 3398 Episcopus
478 3314 623 3396 requirit,
640 3331 749 3397 ptaeter
774 3314 1017 3380 denuntiationes
1036 3320 1131 3383 antea
1151 3322 1186 3384 in

206 3409 334 3472 Ecclesia
345 3410 488 3492 pataeciali
501 3454 510 3482 ,
525 3425 556 3469 ut
568 3427 627 3489 pto
637 3408 844 3481 matrimonio,
854 3409 1023 3472 celebratas.
1041 3412 1188 3498 Uterque

205 3505 346 3585 Spiritum
358 3502 492 3564 Sandluui
508 3501 614 3581 accipit
625 3494 827 3582 per'ttianuunt
842 3501 1083 3583 impositionem:
1100 3507 1183 3571 Dia·

205 3616 301 3662 conus
313 3599 349 3658 ad
364 3599 471 3667 robur,
486 3614 517 3654 iit
533 3592 615 3675 pollii
634 3592 763 3654 resistere
777 3593 910 3657 Diabolo
921 3595 949 3656 dc
960 3602 1187 3667 tentationibus

206 3690 473 3771 ejustPiesbyter,
483 3708 513 3748 ut
523 3688 686 3747 dimittendi
695 3707 815 3768 peccata
825 3687 998 3770 potestatem
1010 3691 1121 3756 habeat
1129 3697 1183 3781 [cl.

206 3783 305 3847 Porrd
325 3783 455 3844 Diaconi
476 3780 656 3860 ministrique
674 3779 830 3841 inferiores
851 3802 975 3855 omnes,
998 3783 1183 3852 Levitatunt

132 3880 136 3890 '
205 3878 370 3949 iocosum,
388 3879 436 3959 qui
451 3874 501 3934 sub
516 3875 611 3934 veteri
624 3876 689 3955 lege
706 3874 829 3954 primiani
849 3874 1014 3938 deserendo
1033 3881 1180 3946 taberna·-

206 3974 275 4034 culo
289 4017 297 4041 ‚
317 3973 421 4032 deinde
434 3967 627 4028 cusiodieiido
640 3968 771 4048 templo,
785 3971 870 4051 eique
881 3968 1071 4034 inserviendo
1085 3973 1184 4058 depu-

207 4069 258 4127 tati
272 4083 362 4124 etant.
379 4064 478 4143 ltaque
495 4064 604 4122 cultum
621 4081 741 4122 onineitt
758 4082 912 4123 externum
925 4064 1062 4127 Ecclesiae
1072 4087 1186 4132 curare

207 4159 335 4220 debent:
353 4175 381 4216 at
398 4153 490 4216 ni-ultd
501 4156 591 4236 magis
602 4154 757 4216 Ecclesiam
772 4159 891 4230 vivain,
909 4155 932 4215 F
935 4158 1053 4220 idel'iuni
1068 4158 1185 4225 scilicet

242 4393 282 4453 (a)
297 4395 367 4440 Cottc.
382 4387 451 4436 Triil.
469 4387 521 4453 srff.
537 4405 576 4444 η,
592 4407 612 4436 c,
630 4403 669 4440 ῃ,
695 4388 739 4451 (b)
751 4384 847 4450 pomis·
864 4389 937 4443 Rom.

242 4464 278 4530 s)
299 4457 392 4526 Putris·
411 4461 486 4511 lton.
501 4463 526 4512 tii
548 4461 611 4513 ote.
629 4457 740 4514 ome
757 4459 841 4509 rau,
