2556 5040
251 590 321 680 ma
500 586 1025 659 cartcntsnus

253 707 313 791 ipsa
326 705 467 790 cogitatio
480 703 523 781 ,st
545 706 704 787 voluptatis
722 703 808 767 causi
827 703 1011 775 immoreris,
1029 701 1077 763 vel
1097 698 1236 784 abigere

256 800 397 882 negligas.
407 797 453 861 Ne
469 817 508 860 eo
529 798 646 878 quidem
656 795 721 860 casu
732 799 855 859 alienam
871 817 995 858 uxorem
1012 795 1235 877 concupiscere

254 893 344 968 licet,
361 912 421 975 quo
435 907 484 953 rua
497 887 589 972 posset
604 889 686 964 fieri3
707 907 739 952 ut
752 891 875 952 divortii
888 894 917 950 in
931 890 1026 950 veteri
1040 889 1127 969 lege,
1143 909 1233 952 nunc

252 987 377 1047 mortis:
390 1003 455 1044 nam
471 982 492 1043 st
508 985 582 1045 hanc
600 985 765 1066 cupidinem
785 982 887 1045 foveas
901 1028 909 1056 ,
922 982 1057 1064 proclive
1072 978 1115 1042 eli
1128 999 1163 1041 ut
1178 983 1229 1044 ul·

253 1077 297 1137 rral
310 1079 451 1159 procedas
464 1122 472 1149 ,
483 1077 513 1137 dc
532 1092 582 1137 aut
598 1077 694 1137 mariti
714 1093 841 1138 mortem
860 1093 913 1138 aut
929 1075 1105 1135 adulterium
1126 1085 1231 1155 optes.

251 1169 408 1231 Decimum
430 1171 597 1230 mandarum
615 1171 651 1230 ad
672 1167 824 1249 septimum
851 1167 1013 1241 refertur,
1041 1186 1230 1247 omnemque

249 1261 355 1322 alienae
368 1263 411 1322 rei
422 1262 610 1344 cupiditatem
621 1259 758 1345 prohibet
770 1307 780 1337 ,
793 1258 920 1334 domins,
944 1261 1042 1332 villae,
1059 1274 1233 1341 pecorumg

247 1351 452 1428 instrumenti,
468 1355 600 1416 omnium
612 1353 768 1417 universam
782 1375 849 1435 quae
870 1350 992 1436 poffidet
1008 1350 1082 1411 :nist
1103 1371 1136 1413 ut
1156 1371 1230 1428 mog

247 1445 291 1505 dis
304 1447 455 1527 legitimo,
470 1446 588 1529 ejusque
607 1446 747 1511 consensu
764 1449 940 1530 acquiratur.
955 1446 1004 1505 Nil
1018 1443 1097 1505 aliud
1110 1444 1150 1506 de
1169 1463 1224 1515 re·⁸

246 1538 301 1600 bus
313 1541 415 1601 alienis
426 1539 576 1624 defignare
593 1542 681 1616 licet,
694 1541 783 1624 quim
798 1540 879 1622 quod
890 1540 965 1601 alios
980 1538 1019 1600 de
1037 1535 1148 1600 nostris
1160 1537 1227 1615 lta-4

247 1650 330 1708 tuere
345 1634 547 1716 probaremus.

507 1764 952 1827 TESTIMONIA.

279 1903 338 1952 Non
348 1902 426 1952 saciet
441 1902 592 1954 calumniam
605 1903 799 1970 proximoltuoj
817 1918 866 1952 nec
882 1903 906 1952 vi
924 1901 1054 1967 opprimes
1069 1917 1142 1954 eum.
1157 1905 1221 1958 tuott

244 1973 293 2022 erit
305 1974 450 2024 criminator
464 2006 471 2030 ,
485 1987 531 2021 nec
544 1971 638 2021 sullatro
650 1974 675 2020 in
684 1973 788 2036 populo.
802 1972 861 2021 Non
876 1971 948 2020 stabis
963 1984 1049 2022 contra
1062 1972 1221 2038 sanguinem

242 2043 356 2107 proximi
368 2043 412 2089 tul.
433 2042 488 2104 Ego
505 2041 638 2090 Dominus.
649 2039 728 2088 Levit.
743 2054 763 2087 c.
780 2055 817 2102 ¹⁹·
828 2057 849 2089 v.
867 2057 904 2104 13.
921 2044 961 2090 ro.

277 2110 441 2159 Mendacium
455 2109 544 2171 fugies.
561 2107 642 2157 Exod.
657 2123 678 2156 c.
696 2121 737 2167 23.
759 2123 782 2156 v.
798 2122 822 2167 7.

274 2178 336 2227 Noli
357 2178 422 2226 velle
437 2178 538 2226 mentiri
549 2191 624 2225 omne
650 2177 818 2227 mendacium.
829 2176 907 2226 Ecclt'.
925 2193 946 2226 c.
959 2194 983 2240 7.
998 2194 1021 2228 v.
1033 2193 1074 2238 14.

276 2246 444 2311 Deponentes
452 2260 555 2294 omnem
565 2245 687 2294 malitiam
700 2246 725 2292 dt
739 2261 841 2296 omnem
854 2248 955 2308 dolum,
970 2248 994 2296 dt
1005 2264 1096 2301 omnes
1111 2252 1221 2309 deme!

242 2316 324 2370 tiones
336 2348 344 2374 ,
356 2315 416 2363 stent
436 2317 510 2362 modo
524 2315 603 2378 geniti
615 2312 733 2363 infantes.
756 2330 777 2365 t.
796 2313 864 2364 Perr.
878 2332 898 2363 c.
917 2332 937 2365 t.
951 2333 974 2365 v.
991 2335 1010 2366 r.

274 2381 298 2432 Si
313 2384 366 2445 quia
379 2385 403 2432 in
417 2384 493 2432 verbo
503 2389 556 2431 lton
569 2384 676 2432 oli'entllt
689 2419 696 2446 ,
708 2385 748 2431 laic
760 2384 882 2450 perfectus
899 2386 932 2434 etl
950 2387 995 2435 vit.
1012 2387 1112 2452 Lingua
1129 2392 1218 2442 modi·

240 2467 298 2502 cum
312 2453 347 2501 est
363 2453 521 2512 membrum,
538 2454 563 2500 δι
578 2466 667 2515 magna
696 2458 800 2503 exaltat.
820 2457 847 2503 ln
866 2452 918 2521 ipsi
931 2455 1106 2506 benedicimus
1123 2461 1216 2512 Deum

240 2521 268 2570 8(
285 2522 383 2571 Patrem
399 2539 405 2570 ε
425 2523 449 2570 δι
463 2525 487 2571 in
503 2520 554 2588 ipsit
572 2522 744 2572 maledicimur
759 2525 891 2586 homines,
910 2526 951 2587 qui
971 2528 1002 2575 ad
1017 2528 1216 2584 similitudinem

240 2589 359 2642 Deifaut
373 2591 435 2641 sunt.
453 2587 504 2640 Iac.
520 2609 538 2638 c.
554 2605 576 2646 r.
587 2609 610 2640 ν.
626 2606 648 2639 2.
664 2606 686 2650 5.
701 2608 725 2655 9.
747 2608 787 2655 ²9·

274 2660 363 2721 Pone,
387 2658 512 2722 Domine,
532 2661 669 2710 cullodiam
696 2661 734 2711 oti
758 2677 836 2724 meo,
857 2662 883 2711 dt
904 2661 993 2711 ostium
1015 2662 1214 2718 circumstantia

240 2729 316 2780 labiis
333 2732 404 2780 mels.
417 2729 455 2795 Ps.
472 2746 526 2790 tqn.
541 2747 562 2780 ν.
579 2745 602 2792 3.
830 2779 840 2796 δ

273 2800 364 2849 Omnis
373 2799 453 2849 sermo
468 2801 545 2849 malus
558 2815 589 2849 ex
603 2814 646 2847 ore
662 2797 743 2848 vestro
755 2815 804 2849 non
817 2800 959 2866 procedat:
974 2798 1043 2849 fedsr
1059 2802 1115 2862 quis
1128 2803 1214 2856 bonne

239 2869 271 2918 nd
282 2868 473 2918 aedificationem
487 2869 559 2928 filei,
572 2881 598 2918 ut
611 2871 654 2916 tlet
667 2869 773 2931 gratiam
786 2869 954 2918 audientibus.
969 2869 1032 2931 Epir.
1047 2885 1070 2916 c.
1083 2885 1109 2930 4.
1127 2889 1152 2922 ν.
1168 2889 1211 2931 ις.

273 2937 443 2999 Quocumque
461 2936 610 2996 tumuerat,
632 2953 790 3000 quecumque
817 2940 927 3003 pudica,
946 2953 1106 3001 quacumque
1128 2941 1189 3002 julla
1204 2945 1234 3006 ‚¹

237 3019 399 3068 quacumque
423 3005 524 3064 stricta,
537 3021 695 3066 quaecumque
710 3007 845 3068 amabilia,
866 3022 1024 3070 quacumque
1045 3009 1119 3060 bonae
1132 3011 1217 3073 fame,

236 3075 414 3133 liquuntur,
436 3075 451 3122 st
471 3089 516 3136 qua
535 3074 587 3122 lans
606 3073 760 3138 discipline,
785 3077 837 3125 lraec
854 3078 973 3139 cogitate.
986 3077 1054 3125 Phil.
1070 3094 1125 3140 c.4
1144 3097 1168 3130 ν.
1182 3083 1208 3132 8.

271 3142 359 3190 Nolite
371 3139 502 3201 judicato,
515 3152 542 3190 ut
563 3156 612 3190 nott
631 3141 787 3203 judicemini.
813 3147 840 3196 ln
859 3160 907 3208 quo
918 3148 985 3196 enim
998 3145 1093 3208 jndicio
1106 3148 1209 3211 judica·

236 3210 341 3270 ueritis,
359 3209 540 3272 judicabimini.
565 3211 642 3260 Matr.
658 3228 677 3258 r.
692 3228 714 3274 7.
728 3227 751 3260 v.
766 3229 787 3262 t.

271 3279 406 3330 Peccatum
431 3297 480 3329 non
506 3281 611 3345 cognovi
632 3281 678 3329 nist
699 3297 742 3346 per
763 3283 846 3344 legem
865 3298 871 3329 :
890 3299 947 3333 nam
971 3284 1205 3349 concupiscentiam

235 3347 399 3409 nesciebam,
423 3351 465 3400 nist
476 3351 518 3399 lex
532 3351 628 3398 diceret
639 3367 646 3398 ι
658 3352 714 3399 Νοιι
728 3352 898 3414 concupisces.
912 3350 983 3400 Rom.
998 3369 1017 3399 c.
1033 3370 1058 3413 7.
1074 3371 1096 3403 ν.
1114 3369 1139 3409 7.

273 3419 361 3483 Pepigi
382 3419 461 3470 l‘oedttt
478 3434 534 3467 cum
549 3421 628 3469 oculis
643 3422 723 3482 meis,
742 3431 811 3470 utne
829 3423 964 3484 cogitarem
979 3424 1080 3485 quidem
1102 3426 1136 3473 de
1156 3426 1207 3474 vir·

239 3486 310 3552 gine.
331 3488 390 3537 Job.
405 3505 426 3538 c.
448 3501 488 3547 31.
509 3505 534 3535 v.
558 3506 579 3538 t.

274 3555 420 3606 Fornicatio
439 3559 464 3605 dt
479 3559 559 3606 omnic
573 3557 732 3606 immunditia
757 3568 799 3606 ant
817 3559 932 3624 avaritia,
952 3575 998 3612 nec
1012 3562 1161 3613 nominetur
1178 3563 1205 3616 in

238 3626 312 3677 uobis
326 3661 334 3687 ,
347 3627 408 3675 ficut
422 3627 496 3676 decet
509 3625 614 3677 sandius.
630 3625 718 3690 ephes:
734 3641 754 3674 r.
770 3639 793 3685 ς.
808 3643 830 3674 ν.
846 3644 868 3688 3.

250 3756 1189 3846 anm-mmm

395 3897 790 3984 LECTIO
868 3899 1048 3988 XXX.

584 4070 856 4160 Dammae

310 4230 469 4294 Osantmn
480 4230 539 4291 duo
555 4232 688 4292 mandata
703 4231 881 4312 reliquorum
896 4228 1143 4299 observationem
1157 4237 1211 4301 iir-⁸

311 4342 391 4386 mant
405 4368 414 4394 ,
430 4324 577 4406 amputati
598 4341 785 4406 peccatorum
811 4327 944 4386 omnium
973 4326 1072 4388 radice
1093 4351 1210 4394 concu-

237 4416 384 4500 piscentia.
402 4416 508 4500 Neque
521 4418 600 4480 enim
616 4435 775 4506 peccatur,
787 4415 840 4478 nist
857 4420 1039 4504 voluptatis,
1055 4426 1209 4506 pecuuiae,
