2556 5040
377 574 792 651 sxtostrt'o‘:
1023 577 1095 673 'rog

132 691 248 758 ratione
257 694 396 781 expedire
409 696 529 780 possint,
543 696 691 760 satendum
704 695 746 758 est
761 688 897 777 prosesld
912 687 952 757 ed
963 698 1093 760 errando

134 789 295 865 deduslos,
311 808 344 852 ut
356 790 372 852 a
385 789 412 852 se
427 788 586 854 necessarib
599 791 650 873 ipu
662 788 834 852 dissentiant.

184 882 324 964 Equidem
346 882 420 964 sape
445 885 564 946 miratus
587 884 646 947 sum
666 884 792 966 planiori
804 901 857 945 eos
868 879 917 944 via
932 881 1008 947 suam
1027 902 1092 949 non

134 971 296 1056 exposuisse
310 976 480 1038 doslrinam.
491 977 606 1059 Quidni
616 993 787 1060 pergerent,
800 977 924 1038 remotis
933 993 979 1040 tot
991 979 1092 1050 ambaq

135 1066 222 1146 gibus
234 1069 332 1130 dicere
345 1115 353 1144 ,
365 1069 511 1132 Chrislum
529 1069 570 1132 sui
584 1091 640 1153 pro
658 1072 744 1133 nobis
766 1069 868 1157 saslam
884 1067 1027 1152 sanguinis
1041 1066 1090 1133 es·
1176 1074 1182 1091 '

134 1157 278 1222 fusionem
292 1163 331 1224 ita
346 1163 518 1225 adumbrare
532 1162 653 1227 voluisse
669 1209 678 1238 ‚
698 1184 731 1225 ur
746 1163 807 1225 duo
823 1165 958 1244 corporis
973 1162 1090 1245 sangui·¹

134 1251 237 1335 nisque
246 1253 374 1317 dillinsla
387 1256 465 1338 signa
478 1257 559 1319 daret
572 1279 579 1316 :
592 1278 659 1320 eum
676 1255 768 1339 porro
782 1257 825 1318 his
839 1253 925 1337 signis
943 1257 985 1317 rei
1001 1255 1088 1339 ipsius

135 1365 247 1408 nomen
260 1349 389 1410 tribuere
402 1348 542 1424 voluisse;
555 1367 641 1432 atque
650 1372 684 1412 ea
698 1348 774 1412 sacra
783 1349 862 1432 signa
874 1351 943 1410 loco
955 1347 1011 1411 esse
1024 1351 1089 1432 pig-

135 1439 219 1501 noris
229 1487 239 1514 ,
251 1441 312 1522 qud
326 1442 468 1505 certiores
483 1440 568 1507 simus
578 1445 680 1507 mortis
697 1443 852 1504 dominice
866 1444 989 1522 gratiam
1002 1443 1090 1504 nobis

135 1534 398 1606 communicatam,
411 1534 539 1617 sacrique
553 1555 610 1598 nos
627 1537 762 1618 corporis
774 1536 805 1596 ἃ
820 1533 964 1616 sanguinis
976 1537 1089 1598 virtute

135 1622 324 1704 spiritualiter
340 1625 430 1689 refici.
444 1627 601 1713 Postquam
622 1628 709 1691 lanto
722 1629 872 1690 molimine
885 1629 983 1689 conati
998 1626 1092 1691 essent

138 1715 168 1776 id
187 1717 658 1804 confirmareargumentis‚srgna
669 1724 711 1784 rei
721 1721 806 1803 ipsius
816 1718 948 1801 accipere
962 1740 1089 1796 nomen,

135 1809 262 1893 ideoque
278 1814 412 1894 corporis
420 1813 531 1895 signum
540 1835 648 1896 corpus
657 1817 713 1877 dici
727 1811 868 1895 potuisse;
881 1813 920 1873 ibi
931 1812 1089 1888 ponsrslere

138 1923 237 1987 neque
251 1906 372 1967 ulterius
385 1909 523 1987 progredi
534 1955 543 1982 ‚
554 1909 610 1989 ipsa
625 1906 782 1992 proposita
794 1905 936 1968 dosltinae
950 1905 1036 1970 series
1051 1927 1089 1969 ex

137 1995 196 2060 sese
208 2000 409 2080 compellebat.
424 2001 465 2061 Ur
477 2003 555 2062 enim
574 2003 621 2063 illa
640 2000 719 2085 signa
740 1999 816 2063 suam
833 1999 974 2061 haberent
991 2000 1090 2062 effica-

137 2093 212 2157 ciam
226 2139 234 2164 ‚
247 2092 332 2175 plane
348 2091 506 2155 sufficiebat
525 2095 734 2176 redemptionis
747 2095 868 2175 gratiam
883 2090 1004 2154 illisesse
1016 2112 1093 2155 con⁴

136 2185 279 2271 jondans,
290 2203 340 2245 aut
353 2182 373 2244 si
385 2186 484 2247 malint
497 2187 709 2250 confirmatam.
719 2186 789 2251 Non
802 2206 865 2248 erat
876 2204 929 2246 cur
938 2202 995 2248 tam
1004 2185 1092 2248 anxie

136 2285 247 2343 docere
263 2280 425 2340 niterentur
436 2325 444 2352 ,
457 2277 558 2342 fideles
570 2280 698 2364 singulos
709 2279 797 2362 ipsum
808 2276 915 2339 Chrisli
924 2298 1033 2360 corpus
1042 2299 1093 2342 ac·

139 2377 260 2457 cipere,
285 2388 317 2432 ut
340 2371 570 2452 ipsrs’conslaret
587 2376 683 2436 crucis
701 2373 945 2436 communicatam
961 2375 1094 2454 gratiam.

139 2468 214 2529 Nam
229 2468 258 2527 in
279 2465 353 2545 aqud
371 2463 504 2546 Baptismi
524 2465 594 2528 dato
612 2464 695 2549 signo
709 2465 879 2548 sanguinis,
903 2486 965 2547 quo
989 2485 1094 2528 omnes

136 2562 301 2631 abluimur,
318 2558 387 2617 nihil
403 2559 479 2618 ultra
490 2558 725 2625 desideraverant
738 2579 748 2632 ;
760 2578 816 2621 nec
826 2574 949 2620 venerat
966 2559 994 2618 in
1008 2579 1094 2621 men·

139 2672 199 2717 tem
209 2702 219 2730 ‚
228 2650 314 2736 ipsam
326 2669 381 2711 nos
394 2650 432 2710 ibi
442 2649 582 2712 dominici
593 2650 739 2734 sanguinis
749 2654 881 2733 accipere
892 2649 1094 2724 substantiam,

138 2768 200 2831 quo
213 2744 298 2830 ipsius
311 2744 341 2803 in
356 2761 412 2803 nos
432 2743 573 2804 virtutem
592 2745 730 2826 explicari
752 2743 873 2805 constet.
892 2743 968 2804 Sane
984 2744 1015 2805 in
1036 2744 1096 2806 Eu·

138 2839 281 2905 cbarisliae
291 2836 416 2916 negotio
428 2833 450 2895 sr
464 2837 586 2899 eandem
597 2835 721 2899 iniissent
732 2838 831 2908 viam,
845 2833 914 2898 esset
929 2855 1032 2898 eorum
1043 2857 1094 2899 ex·

137 2934 266 3020 peditior
281 2928 424 2992 dodrina.
438 2925 479 2989 At
500 2949 561 2991 non
580 2929 648 2992 licet
664 2932 699 2992 iis
722 2930 773 3013 qui
792 2949 872 2992 nova
897 2932 1094 3013 excogitant,

138 3042 323 3111 quaecunque
335 3022 441 3083 volunt
453 3021 560 3084 dicere.
573 3022 663 3085 lnfira
678 3023 811 3106 quaedam
830 3020 984 3085 offendunt
996 3023 1095 3087 sirma-

139 3141 198 3204 que
212 3119 377 3189 axiomata,
390 3115 496 3197 quibus
513 3115 613 3177 arslari
627 3117 748 3179 inventa
768 3115 816 3178 sua
832 3115 978 3178 insleslere
990 3138 1024 3180 ac
1042 3119 1094 3180 de·

140 3231 281 3295 torquere
293 3210 517 3290 compelluntur.
527 3208 586 3270 Dei
596 3211 619 3270 F
622 3210 720 3290 illique
732 3210 809 3271 unici
821 3230 929 3272 nomen
942 3209 1095 3274 Servatori

139 3326 202 3368 non
217 3304 345 3366 tribuere
358 3298 569 3383 pervoluislenr
584 3300 696 3364 Ariani.
712 3303 798 3365 Haud
809 3300 911 3384 sponte
926 3303 1094 3366 Nestoriani

74 3385 77 3395 ’
139 3399 172 3460 in
190 3395 310 3460 Christo
324 3395 514 3458 admittebant
525 3440 535 3468 ,
546 3393 643 3457 nescio
659 3416 746 3476 quam
767 3396 843 3455 illam
861 3440 871 3468 ,
890 3417 976 3477 quant
993 3398 1023 3457 in
1040 3417 1095 3459 eo·

141 3513 206 3554 rum
217 3490 329 3572 scriptis
342 3489 463 3569 legimus
474 3485 622 3569 ‚personae
632 3490 779 3549 unitatem.
790 3486 935 3571 Pelagiani
945 3491 1031 3572 quam
1044 3511 1095 3552 au·

139 3584 236 3648 dasler
245 3599 395 3667 peccatum
409 3580 532 3662 originis
544 3582 771 3662 negabant,tam
786 3582 909 3644 libenter
919 3582 1095 3663 Baptismum

139 3678 268 3763 parvulis
281 3677 310 3736 in
331 3671 522 3737 remissionem
541 3693 732 3756 peccatorum
745 3675 871 3735 dandum
886 3673 1040 3755 negassent.
1052 3676 1095 3740 H

138 3772 169 3834 se
181 3771 229 3832 vid
241 3770 278 3830 ab
290 3769 325 3829 iis
334 3767 511 3849 argumentis
524 3765 699 3848 expedissem
711 3814 720 3840 ‚
737 3787 802 3848 quae
818 3768 886 3830 inde
899 3767 1046 3831 Catholici
1058 3771 1095 3832 ad

137 3867 320 3951 probandum
335 3861 479 3944 originale
497 3879 649 3938 peccatum
667 3860 833 3922 validiffima
854 3878 943 3943 atque
965 3861 1094 3924 invidis·

139 3960 209 4022 sima
221 3958 411 4020 deducebant.
424 3952 559 4027 Verum,
573 3971 605 4015 ut
618 3952 709 4014 modd
721 3955 779 4016 dixi
797 3998 806 4025 ‚
827 3974 889 4015 non
902 3955 1008 4017 audent
1026 3976 1094 4018 om·

139 4054 189 4114 nia
203 4051 440 4130 evertere‚qui‚
459 4065 505 4106 res
520 4047 577 4125 jam
595 4047 768 4108 constitutas
786 4046 880 4119 nasu,
898 4045 946 4119 sua
965 4067 999 4108 ac
1013 4069 1094 4112 nova

138 4146 277 4207 inducere
292 4159 414 4204 tentant.
431 4141 588 4201 Fareantur
611 4138 721 4201 sincere
743 4140 909 4202 Calviniani
925 4187 934 4214 ‚
950 4144 1029 4222 quod
1045 4162 1093 4205 res

136 4238 180 4300 est
194 4260 202 4310 3
220 4240 259 4298 ita
278 4254 360 4297 erant
374 4235 535 4316 comparati
551 4253 582 4294 ut
600 4253 708 4313 corpus
725 4232 830 4294 Chrilli
845 4233 959 4316 ,figuti
978 4236 1092 4297 tantum

139 4329 328 4393 Eucharistiae
343 4325 449 4402 inesse,
465 4326 615 4407 solumque
629 4326 713 4406 ipsius
728 4325 856 4407 spiritum
873 4328 967 4407 reipsa
980 4330 1091 4409 percipi

135 4420 1091 4506 libentissimeagnoscerent3illaautemmagnificaverbamempe
