2556 5040
246 553 319 636 aaa
478 542 1022 616 :catechismus

249 665 325 731 vere
336 660 353 728 i
364 676 488 750 peccato
497 660 634 727 conversi
645 659 764 727 assessus
778 660 950 748 significent.
959 652 1171 751 §repedip'ro
1180 654 1236 733 dei

250 758 358 824 fundis
369 760 528 823 recitantur
540 779 548 835 ς
562 774 618 839 pro
639 758 746 841 qtribus
758 757 828 820 ideb
840 777 960 820 oramus
976 776 1009 822 ut
1025 779 1144 824 eorurn
1165 783 1233 847 poe·

249 854 406 918 nitentiam
418 850 609 935 suppleamus.
619 850 659 913 lis
671 850 784 935 psalmis
796 849 1009 935 subjunguntur
1022 853 1182 932 Litaniae,
1196 858 1233 919 ad

250 948 386 1013 omnium
409 943 583 1009 Sandotum
606 945 790 1029 implorenda
810 943 954 1029 suffragia.
976 947 1094 1030 Eaeque
1121 968 1231 1012 omnes

249 1058 356 1126 preces
370 1039 489 1122 publico
500 1037 636 1102 Ecclefiae
649 1038 700 1102 usu
713 1041 847 1122 probatae
859 1037 933 1104 sunt.
941 1038 971 1100 A
982 1042 1135 1106 trecentis
1142 1045 1231 1106 circi·

250 1152 300 1198 ter
314 1133 397 1196 annis
411 1152 476 1194 mos
490 1132 634 1207 invaluit,
651 1150 684 1195 ut
696 1149 742 1196 ter
755 1133 891 1217 quotidie
914 1131 1083 1217 pulsaretur
1107 1147 1231 1220 campai

249 1247 301 1302 na,
309 1243 561 1307 monerenturque
571 1227 685 1290 fideles
694 1246 790 1301 mane,
798 1227 1097 1313 meridie,&vespere
1108 1232 1229 1294 oratio·

248 1341 320 1384 nem
336 1340 401 1400 quae
410 1366 420 1394 ,
429 1321 532 1403 incipit
541 1322 665 1404 Angelus
676 1323 809 1396 Domini,
820 1322 945 1384 recitare
957 1322 990 1383 in
999 1320 1232 1387 incarnationis

248 1415 410 1478 dominica
420 1415 602 1477 memoriam.
612 1413 651 1476 At
661 1434 764 1499 preces
772 1415 904 1478 omnium
915 1411 1098 1478 sandiisiimae
1108 1436 1146 1480 ac
1158 1438 1230 1501 pro·

250 1505 420 1583 batilsrmae,
432 1528 477 1571 eae
492 1507 554 1570 sunt
568 1528 634 1591 quae
648 1506 756 1571 sacram
769 1507 958 1573 Eucharistiae
970 1511 1185 1587 oblationem,
1197 1510 1226 1574 bt

248 1605 364 1685 reliqua
378 1602 556 1664 sacramenta
572 1604 760 1666 comitantur.
777 1603 833 1666 Eas
850 1602 964 1666 Fideles
982 1623 1113 1678 omnes,
1134 1606 1224 1669 etiam

247 1696 339 1767 laici,
354 1694 468 1759 studere
490 1697 616 1771 debent,
640 1707 676 1760 ur
689 1697 875 1781 intelligant,
892 1695 979 1777 seque
1001 1697 1219 1762 Sacerdotibus

250 1809 350 1855 mente
362 1790 553 1873 conjungant.
566 1791 657 1854 Juvat
677 1792 766 1854 etiam
788 1788 869 1852 nosse
889 1789 1101 1864 itinerarium,
1125 1791 1224 1855 Bene·

250 1884 409 1949 disiionem
420 1884 546 1958 mensa,
560 1884 631 1946 item
642 1905 726 1967 aquae
736 1930 745 1959 ,
757 1904 824 1966 quae
838 1882 956 1967 singulis
969 1884 1077 1947 diebus
1095 1885 1228 1949 domini·

250 1981 294 2042 cis
303 1979 488 2041 celebratur:
504 1975 746 2041 Benedidiionem
757 1978 857 2061 panis,
873 1996 1049 2054 cereorum,
1063 1997 1228 2043 ornamen-

250 2087 372 2144 torum,
382 2071 561 2152 imaginum,
581 2090 807 2152 campanarum,
822 2071 959 2146 thalami,
974 2070 1139 2135 mulierum
1159 2071 1224 2157 poli

248 2183 386 2249 parturn,
400 2165 431 2225 δι
441 2165 566 2245 reliquas
574 2162 907 2226 omnesbenedisliones
916 2183 950 2226 ac
960 2183 1066 2248 preces
1075 2165 1225 2229 ecclesias·

249 2259 322 2322 ticas
333 2305 341 2335 ,
354 2277 420 2338 quae
433 2257 527 2319 variis
539 2254 617 2317 sellis
628 2273 678 2318 aut
690 2255 801 2318 casibus
813 2257 1009 2333 adhibentur,
1029 2258 1064 2319 dc
1076 2257 1095 2320 d
1108 2258 1224 2321 sansiis·

247 2342 328 2413 finiris
352 2350 482 2433 patribus
493 2349 583 2412 editae
596 2347 658 2411 sunt
671 2396 680 2425 ,
694 2349 712 2412 ὲ
727 2350 887 2433 Scripturae
898 2351 1000 2413 verbis
1017 2350 1179 2428 colleslae,
1197 2352 1228 2416 ἃ

251 2445 414 2506 traditione
423 2442 543 2525 antiqui
552 2442 681 2506 servatae
693 2489 701 2518 ,
714 2443 786 2506 ut&
795 2442 876 2506 asius
885 2442 1095 2508 nostriomnes
1104 2444 1137 2507 δι
1150 2464 1229 2509 crea·

249 2548 326 2600 turae
352 2539 450 2600 omnis
474 2536 767 2617 ususffanetificerur.
798 2535 1094 2620 Compendiofiffitna
1128 2540 1227 2602 oratio

249 2632 372 2715 Signum
388 2632 483 2694 crucis
501 2629 552 2693 est.
560 2632 616 2693 His
627 2632 744 2694 verbis:
758 2634 793 2694 ln
803 2634 905 2692 nomine
928 2633 1043 2707 Patris,
1058 2634 1088 2694 ὸ
1099 2634 1174 2693 Filii
1183 2633 1227 2707 ,6-

250 2730 372 2810 Spiritus
386 2729 493 2801 Sentii,
505 2724 661 2787 Trinitatis
677 2723 849 2806 mysterium
859 2721 1054 2787 confitemur:
1065 2723 1152 2808 gestu
1163 2745 1227 2788 cru·

249 2839 316 2883 cem
325 2817 494 2896 efferimus,
511 2817 612 2891 idest,
635 2817 861 2904 Redemptionis
871 2863 881 2893 ,
892 2815 924 2878 dt
940 2815 1169 2901 consequenter
1181 2817 1228 2896 1n2

249 2913 431 2979 carnationis
450 2909 599 2992 mysteria.

518 3041 967 3106 TESTIMONIA.

282 3182 418 3235 Extollere
427 3196 518 3249 rocem
527 3180 640 3244 quadam
650 3180 780 3230 mulierde
793 3179 886 3242 turba,
905 3179 969 3230 dixit
983 3196 990 3229 ι
1004 3178 1102 3232 Beatus
1113 3192 1207 3233 venta
1215 3233 1223 3262 ‚

247 3256 292 3325 qui
305 3267 330 3304 te
344 3253 469 3320 portavit,
485 3252 510 3299 δι
529 3251 621 3314 ubera,
640 3267 692 3314 qua
706 3248 798 3300 suxisli.
812 3250 869 3298 tur,
882 3265 903 3302 c.
921 3263 958 3298 rr.
974 3265 999 3301 ν.
1018 3262 1059 3312 ²7·

284 3324 410 3392 Vespere,
429 3323 456 3370 ilc
476 3336 563 3381 mane,
579 3322 605 3370 δι
619 3322 727 3372 meridie
748 3320 895 3371 narrabo&
909 3319 1068 3371 annuntiabo
1083 3338 1091 3370 :
1106 3319 1135 3372 dc
1149 3336 1225 3374 trau·

249 3397 304 3446 diet
314 3410 404 3444 vocem
419 3408 511 3443 meam.
524 3390 564 3456 Pf,
582 3403 622 3454 54.
638 3408 662 3442 ν.
677 3396 716 3442 til.

285 3462 400 3527 Cquue
417 3463 611 3528 interrogaverit
625 3473 650 3512 te
664 3460 729 3511 filius
742 3471 798 3511 tuus
820 3472 889 3516 cras,
907 3455 995 3506 dicens
1008 3457 1100 3519 :Quid
1118 3460 1168 3512 sibi
1181 3477 1225 3512 vo-

248 3539 306 3588 lunt
319 3535 459 3584 testimonia
480 3533 532 3582 bac
546 3567 553 3593 ,
565 3532 590 3579 δι
614 3531 783 3588 eaerimnuiae,
807 3539 881 3589 atque
894 3525 987 3588 judicia
1008 3563 1017 3589 ‚
1031 3544 1085 3591 quae
1099 3534 1224 3599 precepit

248 3608 376 3658 Dominus
393 3602 463 3652 Deus
476 3601 558 3651 noster
578 3601 651 3650 nobis
665 3603 675 3649 ἰ
690 3602 758 3650 dices
770 3599 793 3647 ei
806 3615 812 3645 ι
825 3598 894 3646 Servi
917 3611 1015 3646 eramus
1037 3599 1183 3652 Pharaonis
1199 3603 1224 3651 iu

247 3673 362 3741 AEgypto
375 3707 383 3732 ,
397 3674 423 3719 bt
438 3673 525 3722 eduxit
539 3686 584 3720 nos
596 3671 723 3720 Dominus
737 3669 768 3719 de
781 3669 891 3734 AEgypto
905 3665 930 3714 in
948 3666 1115 3721 manuforti:
1128 3686 1226 3736 prace-

247 3747 337 3812 pitque
352 3743 425 3792 nobis
440 3743 565 3791 Dominus
580 3751 607 3790 ut
627 3740 748 3790 faciamus
762 3741 846 3787 omitia
861 3735 974 3801 legitima
993 3738 1055 3786 hac.
1069 3738 1152 3791 Deur.
1164 3758 1190 3796 e.
1201 3745 1228 3792 o.

250 3833 275 3868 v.
294 3830 335 3863 as.
352 3828 391 3861 ar.
404 3824 445 3870 aa.

285 3882 399 3933 Observa
413 3917 420 3943 ,
433 3881 459 3929 δι
473 3895 533 3929 cave
548 3880 683 3942 nequando
699 3879 853 3930 obliviscaris
868 3875 975 3925 Domini
988 3875 1039 3925 Dei
1060 3879 1120 3941 tui,
1139 3879 1167 3930 δι
1181 3897 1228 3933 ης.

249 3953 330 4019 gligit
344 3953 463 4003 matinata
477 3950 530 4011 ejus
551 3962 624 4013 atque
638 3949 732 4011 judicia
746 3950 772 3999 bc
795 3948 969 4006 carimonias,
985 3961 1045 4009 quas
1066 3963 1116 4014 ego
1135 3953 1227 4017 psai.

248 4024 293 4091 pio
308 4023 355 4070 tibi
367 4018 452 4070 lindie.
468 4021 544 4069 Deus.
557 4036 578 4067 c.
595 4023 618 4070 8.
637 4037 660 4067 ν.
676 4034 708 4071 ιι.

284 4092 341 4140 Nou
356 4103 383 4140 te
397 4103 529 4157 pretereat
540 4091 650 4139 narratio
662 4089 787 4140 seniorum
801 4107 808 4141 ι
825 4087 869 4154 ipsi
882 4086 951 4136 enim
963 4084 1109 4139 didicerunt
1123 4089 1136 4138 d
1148 4090 1230 4157 parri.

247 4158 295 4212 bus
309 4159 364 4211 suis.
378 4160 448 4207 Eccli
464 4175 486 4207 c.
499 4165 523 4210 8.
535 4176 559 4209 v.
575 4176 613 4209 ιι.

284 4231 392 4279 Verbum
410 4229 498 4278 Christi
514 4231 612 4279 habitet
627 4229 652 4276 in
666 4228 740 4277 vobis
752 4228 927 4288 abundanter,
948 4224 972 4274 iu
988 4229 1058 4278 omni
1075 4227 1227 4295 supientia,

247 4300 370 4350 docentes
388 4297 413 4345 ds
428 4312 620 4348 commonentes
632 4297 813 4362 vosmetipsos,
836 4297 959 4358 Psalmis,
973 4298 1080 4364 Hymnis
1094 4334 1101 4360 ,
1118 4299 1145 4347 bt
1158 4303 1228 4353 Can-

248 4371 305 4420 ticis
324 4368 511 4435 spiritualibus,
524 4371 548 4417 in
562 4371 640 4433 gratia
651 4381 782 4416 cantantes
800 4369 825 4416 in
845 4367 961 4416 cordibus
973 4367 1060 4423 vestris
1074 4370 1144 4420 Deo.
1159 4370 1229 4421 oin·

248 4456 281 4491 ne
294 4441 467 4503 quodcumque
483 4437 564 4489 facitis
578 4439 604 4489 in
615 4437 693 4490 verbo
705 4449 747 4489 aut
761 4437 787 4488 iu
801 4452 892 4504 opere,
907 4438 991 4489 omnia
1003 4439 1030 4487 iu
1050 4441 1159 4491 nomine
1170 4438 1228 4487 Do·
