2556 5040
242 549 581 622 lllSToRlcUS
626 552 820 621 lilioli·
986 570 1057 644 5ct

86 676 230 737 lontentn
256 673 299 738 est
316 722 326 752 ,
358 674 452 738 modo
485 672 594 738 summd
627 675 792 737 attentione
824 672 960 738 audiatur
983 698 990 736 τ
1019 672 1053 739 ἀ

88 767 325 843 circumstantes,
355 768 495 852 quantitm
520 767 585 830 lteri
609 766 726 849 poteli,
750 768 917 832 Sacerdotis
943 766 1053 831 adionl

91 860 287 942 Ecclestaeque
301 864 391 923 menti
404 860 599 923 consentiant.
609 860 774 924 Secundum
787 861 953 923 mandatum
967 859 1007 922 eli
1020 876 1054 923 ut

92 955 193 1014 omnia
207 972 326 1035 peccata
335 952 421 1016 semel
434 953 530 1016 saltem
544 955 574 1015 in
586 973 666 1015 anno
679 955 805 1037 proprio
817 951 936 1036 quilque
947 953 1053 1016 Sacer·

93 1044 158 1105 dori
168 1044 347 1108 confitentur
356 1046 410 1131 (b).
419 1046 484 1128 Qui
495 1048 610 1109 leviora
622 1046 735 1109 tantitm
748 1064 870 1130 peccant
882 1091 891 1121 ,
901 1064 956 1107 eos
965 1047 1054 1108 novit

92 1135 218 1200 Ecclesia
237 1141 273 1201 ad
290 1139 475 1202 Sacramenta
488 1140 614 1202 libenter
629 1140 791 1214 accedcte3
809 1155 839 1201 at
857 1140 907 1221 qui
925 1140 1054 1201 animam

92 1232 265 1315 negligunt,
278 1233 319 1294 eis
328 1233 391 1310 jure
405 1251 542 1304 veretur,
554 1232 668 1295 attenti
677 1230 874 1314 polletiotunt
887 1249 1054 1315 temporum

93 1325 288 1405 corruptione
301 1372 310 1398 ‚
322 1346 358 1387 ne
376 1343 498 1406 peccato
512 1327 627 1388 mortali
639 1344 690 1408 per
704 1328 904 1407 pluresannos
913 1320 1056 1388 insordel·

93 1435 170 1478 cant.
184 1416 284 1480 Visum
294 1417 336 1479 est
346 1421 444 1501 itaque
457 1420 525 1480 illos
537 1420 724 1502 &precepto
736 1417 850 1500 speciali
862 1418 1006 1493 excitare,
1019 1419 1054 1482 dc

93 1512 409 1575 excommunicationis
418 1513 657 1574 comminatione.
667 1511 984 1573 NullumSacramento
992 1530 1055 1593 pte·

93 1603 225 1665 nirentiae
237 1623 349 1685 tempus
362 1603 486 1687 ptaefirit
499 1625 509 1677 ;
527 1605 595 1686 quin
611 1603 705 1666 statim
716 1602 778 1686 poll
790 1602 897 1685 laplrun
907 1602 1057 1684 resurgen-

95 1694 164 1757 dum
178 1696 218 1757 est
228 1744 237 1772 ‚
249 1697 329 1775 juxta
343 1700 413 1759 illud
425 1723 432 1759 :
446 1702 512 1759 Non
522 1700 609 1756 tardes
619 1698 734 1757 converri
746 1699 784 1757 ad
794 1699 959 1771 Dominum,
978 1697 1006 1757 d·
1022 1718 1057 1755 ne

91 1788 200 1868 drffiras
221 1793 252 1849 de
265 1794 307 1850 die
320 1793 348 1850 in
358 1793 426 1850 diem
438 1789 490 1873 (c).
516 1789 641 1872 Proprie
656 1789 810 1851 Sacerdoti
825 1788 963 1851 confiteri
980 1804 1058 1872 prae·

96 1901 214 1963 ceptum
228 1881 289 1958 est,
308 1883 413 1967 nemp'e
427 1881 591 1965 Episcopo,
608 1882 761 1958 parocho,
779 1883 828 1944 vel
842 1881 890 1944 alii
907 1881 953 1943 cui
974 1900 1059 1943 man·

95 1973 1057 2058 mmmmffifflmffwmwfflmmfflmmmo

95 2069 240 2130 rationem
254 2068 324 2131 Deo
335 2068 397 2132 sunt
411 2069 562 2131 reddituri.
578 2068 713 2130 Tertium
726 2066 860 2129 licclestae
874 2067 1058 2149 Praeceptum
1170 2103 1172 2108 ·

96 2159 140 2223 est
156 2181 187 2222 ut
205 2159 400 2225 sancliffimum
418 2161 605 2225 Eucharistiae
620 2161 838 2224 Sacramentum
858 2158 955 2222 saltent
969 2158 1058 2223 semel

97 2253 130 2314 in
143 2273 241 2329 anno,
257 2256 345 2340 idque
363 2256 441 2318 circa
455 2255 586 2338 paschale
599 2253 724 2329 feliunt,
744 2253 774 2314 dc
789 2254 820 2313 in
832 2254 952 2337 proptia
968 2252 1060 2315 Paro·

97 2347 164 2408 chia
175 2345 293 2428 quilque
306 2349 458 2430 percipiat.
468 2347 596 2431 Optatet
610 2348 727 2428 quidem
740 2344 865 2408 Eccleltt
875 2346 964 2408 toties
977 2344 1060 2408 Cor·

98 2441 167 2523 pori
182 2439 289 2502 Christi
306 2441 525 2502 communicate
541 2438 743 2508 Christianos,
762 2441 877 2519 quoties
894 2437 958 2515 ejus
975 2439 1061 2501 obla·

97 2530 484 2613 tioniintetlunt‚adedque
491 2529 712 2614 lingulislaltem
720 2531 874 2592 dominicis
884 2531 984 2591 diebus
997 2530 1059 2615 (ἢκ

98 2621 1062 2706 mmwwmwmmmmfflffimffifflm·

98 2719 174 2779 batis
182 2719 321 2780 accedere
330 2715 642 2800 liceat,polieriorum
662 2734 780 2778 aetatum
800 2716 896 2796 tepori
916 2715 945 2775 id
965 2715 1062 2777 indul·

99 2809 135 2871 stt
145 2856 154 2884 ,
163 2827 196 2871 ut
208 2810 294 2872 semel
304 2812 418 2872 tanritm
428 2812 458 2871 in
469 2830 550 2871 anno
559 2807 667 2871 sumere
676 2809 797 2884 juberet.
806 2806 927 2871 Diutius
935 2826 1011 2869 vero
1020 2824 1061 2869 eo

100 2923 203 2966 carere
216 2900 291 2985 palla
305 2902 417 2965 nonest
431 2951 440 2978 ‚
454 2904 567 2966 dicente
582 2900 719 2974 Christo,
733 2899 840 2984 absque
851 2920 925 2984 pane
938 2899 996 2962 hoc
1005 2919 1062 2962 cae·

101 2996 164 3060 lelli
178 2998 269 3058 vitam
283 2998 381 3059 habeti
396 3017 456 3059 non
470 2992 549 3079 polle
571 3001 624 3082 (e).
642 2993 738 3057 Porrd
759 2995 794 3055 ad
809 2997 836 3057 id
856 2993 985 3056 officium
998 2993 1064 3056 dier

101 3089 286 3152 sanctissimos
296 3089 421 3153 Ecclesia
435 3090 561 3171 delegit:
573 3088 639 3149 citrn
655 3109 706 3171 per
718 3085 976 3171 Quadrngelrmam
990 3106 1064 3168 put·-

102 3186 162 3265 gati
176 3184 290 3247 Fideles
306 3181 412 3246 Christi
429 3180 587 3243 Pollionem
604 3182 634 3242 dc
652 3177 838 3242 Eucharistiae
851 3179 1065 3243 institutionem

103 3277 261 3338 recolunt:
275 3275 381 3358 nempe
397 3275 414 3335 l
435 3274 596 3335 Dominica
612 3272 774 3335 Primatum
786 3272 822 3333 atl
832 3270 978 3333 octavam
995 3268 1065 3332 Pas·

106 3368 179 3429 chae.
194 3366 261 3446 Ejus
270 3369 299 3427 in
312 3369 430 3449 propria
440 3365 580 3426 Paroclria
591 3364 769 3448 percipiendi
777 3362 954 3426 Sacmmcnti
964 3360 1066 3425 neceb

105 3453 1066 3540 mmfflfflmwmmmmmmmfflmfflmwfflm

106 3551 208 3614 Pallor
219 3552 324 3615 faciem
332 3552 429 3635 gregis
437 3549 581 3635 agnoscat.
594 3550 648 3614 His
657 3551 772 3612 duobus
783 3547 941 3631 Praeceptis
951 3547 1068 3612 Fideles

106 3647 231 3727 obligati
243 3665 312 3708 tunc
326 3644 561 3728 incipiuttt‚citm
571 3645 606 3705 ad
621 3663 716 3705 annos
725 3641 907 3704 discretionis
919 3658 1067 3724 pervene-

105 3742 184 3801 rint:
200 3739 280 3820 quod
299 3740 375 3800 inter
393 3738 598 3800 duodecimum
614 3737 645 3798 dc
658 3754 793 3818 quartum
810 3735 955 3797 decimum
969 3734 1069 3796 atatis
1192 3768 1201 3785 ·

104 3852 215 3893 annum
227 3832 318 3914 accipi
333 3829 422 3904 solet,
440 3830 470 3892 dr
482 3828 609 3892 Pallotis
621 3830 745 3892 arbitrio
754 3830 942 3912 permittitur.

143 3973 182 4034 (b)
193 3978 263 4024 core.
278 3971 360 4023 Later.
375 3989 398 4020 c.
412 3987 450 4022 rt.
472 3985 511 4028 rr.
530 3987 550 4020 c.
570 3972 657 4021 omnir
667 3969 768 4036 utriusq.
787 3974 826 4033 (c)
845 3972 920 4024 [ccli.
935 3989 947 4022 c
969 3988 993 4035 ς.
1005 3989 1030 4028 ν.
1040 3975 1071 4031 ι

142 4044 183 4105 (tl)
203 4043 295 4093 concil.
314 4042 384 4091 l'rid.
399 4041 457 4107 Μ.
467 4055 507 4092 22.
522 4056 543 4092 c.
556 4043 579 4090 ⁶.
591 4041 628 4108 (c)
639 4042 730 4092 lonrtn.
749 4055 771 4091 c.
782 4045 807 4091 6.
821 4057 844 4090 ν.
860 4055 900 4101 54.

371 4166 810 4231 TESTIMONIA.

144 4329 270 4380 conserva
280 4365 287 4389 ‚
297 4327 331 4378 lili
343 4331 387 4387 ml,
396 4329 607 4399 precepttpanlr
616 4328 652 4379 tul
664 4362 672 4394 ,
686 4325 711 4378 dc
725 4342 757 4382 nc
771 4326 882 4378 dimittar
895 4327 1074 4396 legemmtrh

111 4410 166 4455 tun.
181 4401 253 4453 llrcr.
267 4419 289 4452 c.
302 4404 327 4452 6.
342 4417 365 4453 ν.
382 4413 422 4452 to.

781 4464 824 4556 tt
853 4468 887 4561 nj
