<?xml version="1.0" encoding="UTF-8"?>
<!DOCTYPE html PUBLIC "-//W3C//DTD XHTML 1.0 Transitional//EN"
    "http://www.w3.org/TR/xhtml1/DTD/xhtml1-transitional.dtd">
<html xmlns="http://www.w3.org/1999/xhtml" xml:lang="en" lang="en">
 <head>
  <title>
</title>
<meta http-equiv="Content-Type" content="text/html;charset=utf-8" />
  <meta name='ocr-system' content='tesseract 3.04.00' />
  <meta name='ocr-capabilities' content='ocr_page ocr_carea ocr_par ocr_line ocrx_word'/>
</head>
<body>
  <div class='ocr_page' id='page_1' title='image "./opuscules01fleugoog/opuscules01fleugoog_0502.png"; bbox 0 0 2556 5040; ppageno 0'>
   <div class='ocr_carea' id='block_1_1' title="bbox 229 509 1000 641">
    <p class='ocr_par' dir='ltr' id='par_1_1' title="bbox 229 509 1000 641">
     <span class='ocr_line' id='line_1_1' title="bbox 229 509 1000 641; baseline 0 -23"><span class='ocrx_word' id='word_1_1' title='bbox 229 509 303 641; x_wconf 56' lang='lat' dir='ltr'>{uto</span> <span class='ocrx_word' id='word_1_2' title='bbox 479 547 1000 619; x_wconf 78' lang='lat' dir='ltr'>carecursuus</span> 
     </span>
    </p>
   </div>
   <div class='ocr_carea' id='block_1_2' title="bbox 231 663 1208 1912">
    <p class='ocr_par' dir='ltr' id='par_1_2' title="bbox 231 663 1201 940">
     <span class='ocr_line' id='line_1_2' title="bbox 231 663 1201 734; baseline 0.005 -13"><span class='ocrx_word' id='word_1_3' title='bbox 231 679 348 721; x_wconf 79' lang='lat' dir='ltr'>mentum</span> <span class='ocrx_word' id='word_1_4' title='bbox 359 676 448 727; x_wconf 79' lang='grc' dir='ltr'><strong>ιιιιιιιι,</strong></span> <span class='ocrx_word' id='word_1_5' title='bbox 459 663 486 717; x_wconf 73' lang='lat' dir='ltr'>it</span> <span class='ocrx_word' id='word_1_6' title='bbox 497 665 593 718; x_wconf 76' lang='lat' dir='ltr'>edient</span> <span class='ocrx_word' id='word_1_7' title='bbox 605 667 647 731; x_wconf 86' lang='lat' dir='ltr'>qui</span> <span class='ocrx_word' id='word_1_8' title='bbox 658 666 695 717; x_wconf 85' lang='lat' dir='ltr'>est</span> <span class='ocrx_word' id='word_1_9' title='bbox 706 668 772 717; x_wconf 85' lang='lat' dir='ltr'>intra</span> <span class='ocrx_word' id='word_1_10' title='bbox 784 677 871 734; x_wconf 80' lang='lat' dir='ltr'>portat</span> <span class='ocrx_word' id='word_1_11' title='bbox 882 677 948 720; x_wconf 81' lang='lat' dir='ltr'>ture·</span> <span class='ocrx_word' id='word_1_12' title='bbox 960 669 1009 719; x_wconf 77' lang='lat' dir='ltr'>Set</span> <span class='ocrx_word' id='word_1_13' title='bbox 1020 667 1088 720; x_wconf 80' lang='lat' dir='ltr'>enirn</span> <span class='ocrx_word' id='word_1_14' title='bbox 1107 666 1201 726; x_wconf 67' lang='lat' dir='ltr'>diebu·</span> 
     </span>
     <span class='ocr_line' id='line_1_3' title="bbox 232 736 1200 803; baseline 0.004 -14"><span class='ocrx_word' id='word_1_15' title='bbox 232 737 296 791; x_wconf 80' lang='lat' dir='ltr'>fecit</span> <span class='ocrx_word' id='word_1_16' title='bbox 310 737 534 788; x_wconf 78' lang='lat' dir='ltr'>Dominueeteiurn</span> <span class='ocrx_word' id='word_1_17' title='bbox 554 738 582 786; x_wconf 69' lang='grc' dir='ltr'>δι</span> <span class='ocrx_word' id='word_1_18' title='bbox 604 749 718 798; x_wconf 85' lang='lat' dir='ltr'>terram,</span> <span class='ocrx_word' id='word_1_19' title='bbox 746 736 772 784; x_wconf 73' lang='lat' dir='ltr'>bt</span> <span class='ocrx_word' id='word_1_20' title='bbox 786 752 854 788; x_wconf 80' lang='lat' dir='ltr'>mate</span> <span class='ocrx_word' id='word_1_21' title='bbox 873 738 921 799; x_wconf 82' lang='lat'>‚·&amp;</span> <span class='ocrx_word' id='word_1_22' title='bbox 938 739 1089 803; x_wconf 74' lang='lat' dir='ltr'>omniaque</span> <span class='ocrx_word' id='word_1_23' title='bbox 1106 740 1136 791; x_wconf 83' lang='lat' dir='ltr'>in</span> <span class='ocrx_word' id='word_1_24' title='bbox 1160 743 1200 792; x_wconf 82' lang='lat' dir='ltr'>eit</span> 
     </span>
     <span class='ocr_line' id='line_1_4' title="bbox 233 805 1200 872; baseline 0.003 -14"><span class='ocrx_word' id='word_1_25' title='bbox 233 806 313 869; x_wconf 87' lang='lat' dir='ltr'>sunt,</span> <span class='ocrx_word' id='word_1_26' title='bbox 337 807 362 857; x_wconf 72' lang='lat' dir='ltr'>it</span> <span class='ocrx_word' id='word_1_27' title='bbox 374 807 495 872; x_wconf 75' lang='lat' dir='ltr'>requievit</span> <span class='ocrx_word' id='word_1_28' title='bbox 510 806 589 855; x_wconf 79' lang='lat' dir='ltr'>indie</span> <span class='ocrx_word' id='word_1_29' title='bbox 606 809 712 872; x_wconf 85' lang='lat' dir='ltr'>septimo</span> <span class='ocrx_word' id='word_1_30' title='bbox 727 824 734 856; x_wconf 75' lang='lat' dir='ltr'>a</span> <span class='ocrx_word' id='word_1_31' title='bbox 756 805 852 856; x_wconf 83' lang='lat' dir='ltr'>idcircb</span> <span class='ocrx_word' id='word_1_32' title='bbox 865 807 996 860; x_wconf 78' lang='lat' dir='ltr'>benedixit</span> <span class='ocrx_word' id='word_1_33' title='bbox 1010 809 1136 861; x_wconf 77' lang='lat' dir='ltr'>Dominus</span> <span class='ocrx_word' id='word_1_34' title='bbox 1145 810 1200 861; x_wconf 84' lang='lat' dir='ltr'>diei</span> 
     </span>
     <span class='ocr_line' id='line_1_5' title="bbox 234 872 1025 940; baseline -0.001 -12"><span class='ocrx_word' id='word_1_35' title='bbox 234 875 351 940; x_wconf 82' lang='lat' dir='ltr'>sabbati,</span> <span class='ocrx_word' id='word_1_36' title='bbox 374 873 569 925; x_wconf 74' lang='lat' dir='ltr'>&amp;sanaificavir</span> <span class='ocrx_word' id='word_1_37' title='bbox 581 890 647 925; x_wconf 84' lang='lat' dir='ltr'>eum.</span> <span class='ocrx_word' id='word_1_38' title='bbox 661 872 735 924; x_wconf 78' lang='lat' dir='ltr'><em>Exod</em></span> <span class='ocrx_word' id='word_1_39' title='bbox 752 891 774 924; x_wconf 82' lang='lat' dir='ltr'>c.</span> <span class='ocrx_word' id='word_1_40' title='bbox 794 890 835 925; x_wconf 73' lang='grc' dir='ltr'>ιο.</span> <span class='ocrx_word' id='word_1_41' title='bbox 855 890 878 923; x_wconf 83' lang='grc' dir='ltr'>ν.</span> <span class='ocrx_word' id='word_1_42' title='bbox 898 890 914 937; x_wconf 88' lang='grc'><strong>9</strong></span> <span class='ocrx_word' id='word_1_43' title='bbox 938 889 973 927; x_wconf 85' lang='grc' dir='ltr'>ιο.</span> <span class='ocrx_word' id='word_1_44' title='bbox 990 890 1025 927; x_wconf 95' lang='grc' dir='ltr'>ιι.</span> 
     </span>
    </p>

    <p class='ocr_par' dir='ltr' id='par_1_3' title="bbox 232 942 1198 1220">
     <span class='ocr_line' id='line_1_6' title="bbox 247 942 1198 1010; baseline 0.004 -16"><span class='ocrx_word' id='word_1_45' title='bbox 247 994 251 999; x_wconf 81' lang='grc'>,</span> <span class='ocrx_word' id='word_1_46' title='bbox 269 946 294 994; x_wconf 78' lang='lat' dir='ltr'>si</span> <span class='ocrx_word' id='word_1_47' title='bbox 306 945 423 995; x_wconf 78' lang='lat' dir='ltr'>evertetis</span> <span class='ocrx_word' id='word_1_48' title='bbox 434 944 448 992; x_wconf 83' lang='lat' dir='ltr'>i</span> <span class='ocrx_word' id='word_1_49' title='bbox 461 944 566 994; x_wconf 87' lang='lat' dir='ltr'>subbato</span> <span class='ocrx_word' id='word_1_50' title='bbox 579 946 672 1010; x_wconf 86' lang='lat' dir='ltr'>pedem</span> <span class='ocrx_word' id='word_1_51' title='bbox 685 957 770 1007; x_wconf 83' lang='lat' dir='ltr'>tuum,</span> <span class='ocrx_word' id='word_1_52' title='bbox 797 942 880 995; x_wconf 86' lang='lat' dir='ltr'>facere</span> <span class='ocrx_word' id='word_1_53' title='bbox 892 947 1050 997; x_wconf 84' lang='lat' dir='ltr'>voluntatem</span> <span class='ocrx_word' id='word_1_54' title='bbox 1073 956 1145 997; x_wconf 84' lang='lat' dir='ltr'>tuam</span> <span class='ocrx_word' id='word_1_55' title='bbox 1169 946 1198 998; x_wconf 81' lang='lat' dir='ltr'>iu</span> 
     </span>
     <span class='ocr_line' id='line_1_7' title="bbox 234 1012 1196 1075; baseline 0.002 -10"><span class='ocrx_word' id='word_1_56' title='bbox 234 1014 278 1065; x_wconf 80' lang='lat' dir='ltr'>die</span> <span class='ocrx_word' id='word_1_57' title='bbox 292 1012 374 1064; x_wconf 56' lang='lat' dir='ltr'>sunau</span> <span class='ocrx_word' id='word_1_58' title='bbox 394 1027 470 1075; x_wconf 81' lang='lat' dir='ltr'>ineo,</span> <span class='ocrx_word' id='word_1_59' title='bbox 499 1015 670 1065; x_wconf 81' lang='lat' dir='ltr'>&amp;vocaverit</span> <span class='ocrx_word' id='word_1_60' title='bbox 693 1013 823 1064; x_wconf 83' lang='lat' dir='ltr'>sabbatum</span> <span class='ocrx_word' id='word_1_61' title='bbox 850 1014 1007 1075; x_wconf 86' lang='lat' dir='ltr'>delicatum,</span> <span class='ocrx_word' id='word_1_62' title='bbox 1033 1016 1059 1064; x_wconf 78' lang='grc' dir='ltr'>δι</span> <span class='ocrx_word' id='word_1_63' title='bbox 1078 1015 1196 1067; x_wconf 58' lang='lat' dir='ltr'>sanburn</span> 
     </span>
     <span class='ocr_line' id='line_1_8' title="bbox 232 1080 1196 1150; baseline 0 -16"><span class='ocrx_word' id='word_1_64' title='bbox 232 1080 341 1134; x_wconf 80' lang='lat' dir='ltr'>Domini</span> <span class='ocrx_word' id='word_1_65' title='bbox 354 1081 487 1147; x_wconf 76' lang='lat' dir='ltr'>gloriosum</span> <span class='ocrx_word' id='word_1_66' title='bbox 500 1118 509 1146; x_wconf 82' lang='lat'>,</span> <span class='ocrx_word' id='word_1_67' title='bbox 523 1084 549 1134; x_wconf 76' lang='grc' dir='ltr'>δι</span> <span class='ocrx_word' id='word_1_68' title='bbox 562 1082 739 1150; x_wconf 75' lang='lat' dir='ltr'>glorificaverit</span> <span class='ocrx_word' id='word_1_69' title='bbox 753 1099 827 1144; x_wconf 85' lang='lat' dir='ltr'>eum,</span> <span class='ocrx_word' id='word_1_70' title='bbox 841 1082 900 1132; x_wconf 86' lang='lat' dir='ltr'>dum</span> <span class='ocrx_word' id='word_1_71' title='bbox 915 1100 964 1134; x_wconf 88' lang='lat' dir='ltr'>nou</span> <span class='ocrx_word' id='word_1_72' title='bbox 978 1082 1040 1134; x_wconf 81' lang='lat' dir='ltr'>fatis</span> <span class='ocrx_word' id='word_1_73' title='bbox 1051 1085 1104 1135; x_wconf 80' lang='lat' dir='ltr'>viar</span> <span class='ocrx_word' id='word_1_74' title='bbox 1119 1097 1176 1135; x_wconf 85' lang='lat' dir='ltr'>tuat</span> <span class='ocrx_word' id='word_1_75' title='bbox 1184 1119 1196 1148; x_wconf 87' lang='lat'><em>,</em></span> 
     </span>
     <span class='ocr_line' id='line_1_9' title="bbox 235 1150 992 1220; baseline 0.003 -18"><span class='ocrx_word' id='word_1_76' title='bbox 235 1161 295 1202; x_wconf 80' lang='lat' dir='ltr'>tune</span> <span class='ocrx_word' id='word_1_77' title='bbox 308 1152 471 1203; x_wconf 72' lang='lat' dir='ltr'>deieeaberis</span> <span class='ocrx_word' id='word_1_78' title='bbox 491 1152 563 1220; x_wconf 90' lang='lat' dir='ltr'>super</span> <span class='ocrx_word' id='word_1_79' title='bbox 577 1154 697 1203; x_wconf 87' lang='lat' dir='ltr'>Domino.</span> <span class='ocrx_word' id='word_1_80' title='bbox 712 1150 760 1218; x_wconf 78' lang='lat' dir='ltr'>isa.</span> <span class='ocrx_word' id='word_1_81' title='bbox 775 1168 795 1202; x_wconf 84' lang='lat' dir='ltr'>t.</span> <span class='ocrx_word' id='word_1_82' title='bbox 811 1155 849 1214; x_wconf 80' lang='lat'>58.</span> <span class='ocrx_word' id='word_1_83' title='bbox 862 1168 884 1200; x_wconf 81' lang='grc' dir='ltr'>ν.</span> <span class='ocrx_word' id='word_1_84' title='bbox 901 1168 939 1214; x_wconf 73' lang='lat'>¹3·</span> <span class='ocrx_word' id='word_1_85' title='bbox 953 1169 992 1215; x_wconf 81' lang='lat'>¹4·</span> 
     </span>
    </p>

    <p class='ocr_par' dir='ltr' id='par_1_4' title="bbox 232 1220 1199 1491">
     <span class='ocr_line' id='line_1_10' title="bbox 267 1220 1199 1287; baseline 0.002 -18"><span class='ocrx_word' id='word_1_86' title='bbox 267 1220 325 1270; x_wconf 75' lang='lat' dir='ltr'>Nun</span> <span class='ocrx_word' id='word_1_87' title='bbox 339 1220 429 1286; x_wconf 76' lang='lat' dir='ltr'>legistis</span> <span class='ocrx_word' id='word_1_88' title='bbox 442 1222 468 1272; x_wconf 87' lang='lat' dir='ltr'>in</span> <span class='ocrx_word' id='word_1_89' title='bbox 481 1224 548 1287; x_wconf 79' lang='lat' dir='ltr'>iege,</span> <span class='ocrx_word' id='word_1_90' title='bbox 571 1224 627 1286; x_wconf 80' lang='lat' dir='ltr'>quir</span> <span class='ocrx_word' id='word_1_91' title='bbox 639 1222 747 1272; x_wconf 81' lang='lat' dir='ltr'>sabbatis</span> <span class='ocrx_word' id='word_1_92' title='bbox 758 1220 899 1272; x_wconf 74' lang='lat' dir='ltr'>sacerdotes</span> <span class='ocrx_word' id='word_1_93' title='bbox 913 1225 939 1272; x_wconf 85' lang='lat' dir='ltr'>iri</span> <span class='ocrx_word' id='word_1_94' title='bbox 953 1223 1050 1287; x_wconf 86' lang='lat' dir='ltr'>templo</span> <span class='ocrx_word' id='word_1_95' title='bbox 1061 1221 1199 1272; x_wconf 80' lang='lat' dir='ltr'>sabbatum</span> 
     </span>
     <span class='ocr_line' id='line_1_11' title="bbox 232 1287 1199 1354; baseline 0.002 -14"><span class='ocrx_word' id='word_1_96' title='bbox 232 1287 347 1350; x_wconf 74' lang='lat' dir='ltr'>vitient,</span> <span class='ocrx_word' id='word_1_97' title='bbox 367 1291 393 1339; x_wconf 74' lang='lat' dir='ltr'>it</span> <span class='ocrx_word' id='word_1_98' title='bbox 406 1292 456 1341; x_wconf 77' lang='lat' dir='ltr'>fine</span> <span class='ocrx_word' id='word_1_99' title='bbox 467 1294 571 1343; x_wconf 82' lang='lat' dir='ltr'>crimine</span> <span class='ocrx_word' id='word_1_100' title='bbox 588 1291 663 1342; x_wconf 77' lang='lat' dir='ltr'>suut!</span> <span class='ocrx_word' id='word_1_101' title='bbox 676 1290 741 1351; x_wconf 77' lang='lat' dir='ltr'>Quis</span> <span class='ocrx_word' id='word_1_102' title='bbox 753 1294 802 1342; x_wconf 84' lang='lat' dir='ltr'>erit</span> <span class='ocrx_word' id='word_1_103' title='bbox 816 1305 847 1339; x_wconf 83' lang='lat' dir='ltr'>ex</span> <span class='ocrx_word' id='word_1_104' title='bbox 856 1291 929 1343; x_wconf 83' lang='lat' dir='ltr'>vobit</span> <span class='ocrx_word' id='word_1_105' title='bbox 940 1293 1032 1353; x_wconf 82' lang='lat' dir='ltr'>homo,</span> <span class='ocrx_word' id='word_1_106' title='bbox 1045 1293 1088 1354; x_wconf 80' lang='lat' dir='ltr'>qui</span> <span class='ocrx_word' id='word_1_107' title='bbox 1100 1291 1199 1342; x_wconf 84' lang='lat' dir='ltr'>babeat</span> 
     </span>
     <span class='ocr_line' id='line_1_12' title="bbox 233 1357 1199 1422; baseline 0.005 -16"><span class='ocrx_word' id='word_1_108' title='bbox 233 1370 308 1408; x_wconf 81' lang='lat' dir='ltr'>ovem</span> <span class='ocrx_word' id='word_1_109' title='bbox 319 1373 412 1420; x_wconf 84' lang='lat' dir='ltr'>unam,</span> <span class='ocrx_word' id='word_1_110' title='bbox 431 1360 457 1408; x_wconf 74' lang='lat' dir='ltr'>bt</span> <span class='ocrx_word' id='word_1_111' title='bbox 469 1362 486 1412; x_wconf 82' lang='lat' dir='ltr'>su</span> <span class='ocrx_word' id='word_1_112' title='bbox 499 1363 621 1414; x_wconf 72' lang='lat' dir='ltr'>ceciderit</span> <span class='ocrx_word' id='word_1_113' title='bbox 637 1362 688 1410; x_wconf 78' lang='lat' dir='ltr'>bec</span> <span class='ocrx_word' id='word_1_114' title='bbox 706 1360 815 1411; x_wconf 76' lang='lat' dir='ltr'>sabbatis</span> <span class='ocrx_word' id='word_1_115' title='bbox 825 1360 852 1410; x_wconf 92' lang='lat' dir='ltr'>iu</span> <span class='ocrx_word' id='word_1_116' title='bbox 865 1357 963 1411; x_wconf 84' lang='lat' dir='ltr'>foueam</span> <span class='ocrx_word' id='word_1_117' title='bbox 977 1375 1081 1422; x_wconf 84' lang='lat' dir='ltr'>,noune</span> <span class='ocrx_word' id='word_1_118' title='bbox 1093 1360 1199 1411; x_wconf 80' lang='lat' dir='ltr'>tenebit</span> 
     </span>
     <span class='ocr_line' id='line_1_13' title="bbox 233 1424 825 1491; baseline 0.01 -17"><span class='ocrx_word' id='word_1_119' title='bbox 233 1424 262 1475; x_wconf 72' lang='grc' dir='ltr'>Ιι</span> <span class='ocrx_word' id='word_1_120' title='bbox 279 1428 376 1477; x_wconf 78' lang='lat' dir='ltr'>levabit</span> <span class='ocrx_word' id='word_1_121' title='bbox 395 1432 475 1480; x_wconf 75' lang='lat' dir='ltr'>cami</span> <span class='ocrx_word' id='word_1_122' title='bbox 498 1434 572 1483; x_wconf 82' lang='lat' dir='ltr'>biart.</span> <span class='ocrx_word' id='word_1_123' title='bbox 589 1446 611 1479; x_wconf 88' lang='lat' dir='ltr'>c.</span> <span class='ocrx_word' id='word_1_124' title='bbox 625 1444 661 1480; x_wconf 85' lang='lat' dir='ltr'>ra.</span> <span class='ocrx_word' id='word_1_125' title='bbox 676 1445 699 1481; x_wconf 89' lang='grc' dir='ltr'>ν.</span> <span class='ocrx_word' id='word_1_126' title='bbox 712 1445 735 1491; x_wconf 86' lang='grc' dir='ltr'>ς.</span> <span class='ocrx_word' id='word_1_127' title='bbox 748 1446 769 1478; x_wconf 78' lang='grc' dir='ltr'>ν.</span> <span class='ocrx_word' id='word_1_128' title='bbox 788 1445 825 1480; x_wconf 85' lang='grc' dir='ltr'>ιι.</span> 
     </span>
    </p>

    <p class='ocr_par' dir='ltr' id='par_1_5' title="bbox 232 1495 1200 1626">
     <span class='ocr_line' id='line_1_14' title="bbox 232 1495 1200 1617; baseline 0.003 -71"><span class='ocrx_word' id='word_1_129' title='bbox 232 1495 324 1617; x_wconf 57' lang='lat' dir='ltr'>Murri</span> <span class='ocrx_word' id='word_1_130' title='bbox 347 1506 432 1549; x_wconf 84' lang='lat' dir='ltr'>autem</span> <span class='ocrx_word' id='word_1_131' title='bbox 449 1497 546 1552; x_wconf 80' lang='lat' dir='ltr'>sabbati</span> <span class='ocrx_word' id='word_1_132' title='bbox 565 1497 623 1553; x_wconf 81' lang='lat' dir='ltr'>crim</span> <span class='ocrx_word' id='word_1_133' title='bbox 641 1499 887 1554; x_wconf 67' lang='lat' dir='ltr'>conveniremini</span> <span class='ocrx_word' id='word_1_134' title='bbox 906 1498 1072 1565; x_wconf 75' lang='lat' dir='ltr'>frangendum</span> <span class='ocrx_word' id='word_1_135' title='bbox 1091 1506 1200 1563; x_wconf 68' lang='lat' dir='ltr'>pauent·⁸</span> 
     </span>
     <span class='ocr_line' id='line_1_15' title="bbox 283 1580 463 1626; baseline 0.022 -11"><span class='ocrx_word' id='word_1_136' title='bbox 283 1581 325 1615; x_wconf 81' lang='lat' dir='ltr'>.c.</span> <span class='ocrx_word' id='word_1_137' title='bbox 341 1583 371 1616; x_wconf 83' lang='grc' dir='ltr'>ιο</span> <span class='ocrx_word' id='word_1_138' title='bbox 395 1583 417 1616; x_wconf 83' lang='lat' dir='ltr'>v.</span> <span class='ocrx_word' id='word_1_139' title='bbox 439 1580 463 1626; x_wconf 82' lang='lat'>7.</span> 
     </span>
    </p>

    <p class='ocr_par' dir='ltr' id='par_1_6' title="bbox 234 1633 1208 1833">
     <span class='ocr_line' id='line_1_16' title="bbox 270 1633 1208 1705; baseline 0.002 -22"><span class='ocrx_word' id='word_1_140' title='bbox 270 1635 401 1685; x_wconf 70' lang='lat' dir='ltr'>ieiunam</span> <span class='ocrx_word' id='word_1_141' title='bbox 412 1635 509 1688; x_wconf 81' lang='lat' dir='ltr'>sabbati</span> <span class='ocrx_word' id='word_1_142' title='bbox 521 1636 684 1703; x_wconf 82' lang='lat' dir='ltr'>uuusquisque</span> <span class='ocrx_word' id='word_1_143' title='bbox 695 1635 802 1688; x_wconf 81' lang='lat' dir='ltr'>vestrim</span> <span class='ocrx_word' id='word_1_144' title='bbox 811 1637 877 1705; x_wconf 82' lang='lat' dir='ltr'>apud</span> <span class='ocrx_word' id='word_1_145' title='bbox 887 1634 913 1687; x_wconf 89' lang='lat' dir='ltr'>se</span> <span class='ocrx_word' id='word_1_146' title='bbox 921 1635 1037 1703; x_wconf 80' lang='lat' dir='ltr'>seponat,</span> <span class='ocrx_word' id='word_1_147' title='bbox 1056 1633 1208 1686; x_wconf 66' lang='lat' dir='ltr'>recondent</span> 
     </span>
     <span class='ocr_line' id='line_1_17' title="bbox 236 1701 1206 1822; baseline 0.004 -70"><span class='ocrx_word' id='word_1_148' title='bbox 236 1705 304 1822; x_wconf 54' lang='lat' dir='ltr'>puppi</span> <span class='ocrx_word' id='word_1_149' title='bbox 315 1706 339 1754; x_wconf 92' lang='lat' dir='ltr'>ei</span> <span class='ocrx_word' id='word_1_150' title='bbox 350 1707 417 1756; x_wconf 87' lang='lat' dir='ltr'>bene</span> <span class='ocrx_word' id='word_1_151' title='bbox 428 1708 552 1771; x_wconf 79' lang='lat' dir='ltr'>placuerit</span> <span class='ocrx_word' id='word_1_152' title='bbox 564 1727 571 1760; x_wconf 78' lang='lat' dir='ltr'>a</span> <span class='ocrx_word' id='word_1_153' title='bbox 585 1719 613 1758; x_wconf 87' lang='lat' dir='ltr'>ut</span> <span class='ocrx_word' id='word_1_154' title='bbox 630 1722 700 1769; x_wconf 87' lang='lat' dir='ltr'>non,</span> <span class='ocrx_word' id='word_1_155' title='bbox 719 1705 777 1759; x_wconf 81' lang='lat' dir='ltr'>crim</span> <span class='ocrx_word' id='word_1_156' title='bbox 790 1719 904 1770; x_wconf 82' lang='lat' dir='ltr'>venero,</span> <span class='ocrx_word' id='word_1_157' title='bbox 926 1717 985 1757; x_wconf 83' lang='lat' dir='ltr'>tunc</span> <span class='ocrx_word' id='word_1_158' title='bbox 1001 1705 1114 1757; x_wconf 61' lang='lat' dir='ltr'>colle&amp;</span> <span class='ocrx_word' id='word_1_159' title='bbox 1127 1701 1206 1756; x_wconf 75' lang='lat' dir='ltr'>flaute</span> 
     </span>
     <span class='ocr_line' id='line_1_18' title="bbox 234 1777 499 1833; baseline 0.015 -12"><span class='ocrx_word' id='word_1_160' title='bbox 234 1787 262 1833; x_wconf 70' lang='lat'>1.</span> <span class='ocrx_word' id='word_1_161' title='bbox 295 1789 361 1821; x_wconf 69' lang='lat' dir='ltr'>one.</span> <span class='ocrx_word' id='word_1_162' title='bbox 378 1777 417 1825; x_wconf 80' lang='lat'>16.</span> <span class='ocrx_word' id='word_1_163' title='bbox 432 1789 456 1824; x_wconf 83' lang='lat' dir='ltr'>v.</span> <span class='ocrx_word' id='word_1_164' title='bbox 474 1789 499 1829; x_wconf 85' lang='lat'>2.</span> 
     </span>
    </p>

    <p class='ocr_par' dir='ltr' id='par_1_7' title="bbox 270 1842 957 1912">
     <span class='ocr_line' id='line_1_19' title="bbox 270 1842 957 1912; baseline 0.003 -20"><span class='ocrx_word' id='word_1_165' title='bbox 270 1842 318 1892; x_wconf 83' lang='lat' dir='ltr'>Fui</span> <span class='ocrx_word' id='word_1_166' title='bbox 331 1843 357 1894; x_wconf 89' lang='lat' dir='ltr'>in</span> <span class='ocrx_word' id='word_1_167' title='bbox 368 1843 460 1911; x_wconf 80' lang='lat' dir='ltr'>Spiritu</span> <span class='ocrx_word' id='word_1_168' title='bbox 475 1847 503 1896; x_wconf 86' lang='lat' dir='ltr'>iu</span> <span class='ocrx_word' id='word_1_169' title='bbox 517 1845 644 1897; x_wconf 82' lang='lat' dir='ltr'>dominica</span> <span class='ocrx_word' id='word_1_170' title='bbox 656 1845 707 1897; x_wconf 82' lang='lat' dir='ltr'>die.</span> <span class='ocrx_word' id='word_1_171' title='bbox 723 1844 802 1912; x_wconf 74' lang='lat' dir='ltr'>Aput.</span> <span class='ocrx_word' id='word_1_172' title='bbox 812 1860 835 1897; x_wconf 83' lang='lat' dir='ltr'>c.</span> <span class='ocrx_word' id='word_1_173' title='bbox 848 1859 873 1896; x_wconf 88' lang='grc' dir='ltr'>ι.</span> <span class='ocrx_word' id='word_1_174' title='bbox 883 1861 908 1895; x_wconf 78' lang='grc' dir='ltr'>ν.</span> <span class='ocrx_word' id='word_1_175' title='bbox 920 1855 957 1896; x_wconf 87' lang='grc' dir='ltr'>ιο.</span> 
     </span>
    </p>
   </div>
   <div class='ocr_carea' id='block_1_3' title="bbox 254 1970 1192 2206">
    <p class='ocr_par' dir='ltr' id='par_1_8' title="bbox 254 1970 1192 2206">
     <span class='ocr_line' id='line_1_20' title="bbox 254 1970 1192 2057; baseline 0.002 -2"><span class='ocrx_word' id='word_1_176' title='bbox 254 1970 1192 2057; x_wconf 67' lang='lat' dir='ltr'>tate=========ttb</span> 
     </span>
     <span class='ocr_line' id='line_1_21' title="bbox 398 2116 1028 2206; baseline 0 -5"><span class='ocrx_word' id='word_1_177' title='bbox 398 2116 764 2206; x_wconf 85' lang='lat' dir='ltr'>LECTIO</span> <span class='ocrx_word' id='word_1_178' title='bbox 838 2116 1028 2205; x_wconf 88' lang='lat' dir='ltr'>XXV.</span> 
     </span>
    </p>
   </div>
   <div class='ocr_carea' id='block_1_4' title="bbox 503 2291 928 2387">
    <p class='ocr_par' dir='ltr' id='par_1_9' title="bbox 503 2291 928 2387">
     <span class='ocr_line' id='line_1_22' title="bbox 503 2291 928 2387; baseline 0.012 -27"><span class='ocrx_word' id='word_1_179' title='bbox 503 2291 560 2360; x_wconf 81' lang='lat' dir='ltr'>De</span> <span class='ocrx_word' id='word_1_180' title='bbox 583 2308 705 2387; x_wconf 83' lang='lat' dir='ltr'>quarto</span> <span class='ocrx_word' id='word_1_181' title='bbox 733 2292 928 2386; x_wconf 82' lang='lat' dir='ltr'>Proecepto.</span> 
     </span>
    </p>
   </div>
   <div class='ocr_carea' id='block_1_5' title="bbox 158 2448 1205 4208">
    <p class='ocr_par' dir='ltr' id='par_1_10' title="bbox 158 2448 1205 4208">
     <span class='ocr_line' id='line_1_23' title="bbox 330 2448 1204 2536; baseline 0.003 -24"><span class='ocrx_word' id='word_1_182' title='bbox 330 2448 447 2512; x_wconf 58' lang='lat' dir='ltr'>orout</span> <span class='ocrx_word' id='word_1_183' title='bbox 457 2451 564 2511; x_wconf 77' lang='lat' dir='ltr'>Patrem</span> <span class='ocrx_word' id='word_1_184' title='bbox 570 2469 644 2512; x_wconf 79' lang='lat' dir='ltr'>tuum</span> <span class='ocrx_word' id='word_1_185' title='bbox 653 2454 680 2514; x_wconf 69' lang='lat' dir='ltr'>i·</span> <span class='ocrx_word' id='word_1_186' title='bbox 690 2456 898 2526; x_wconf 64' lang='lat' dir='ltr'>Maritimam,</span> <span class='ocrx_word' id='word_1_187' title='bbox 906 2449 1204 2536; x_wconf 79' lang='lat' dir='ltr'>urfislongoevussuper</span> 
     </span>
     <span class='ocr_line' id='line_1_24' title="bbox 336 2545 1203 2628; baseline 0.002 -24"><span class='ocrx_word' id='word_1_188' title='bbox 336 2563 429 2604; x_wconf 82' lang='lat' dir='ltr'>terram</span> <span class='ocrx_word' id='word_1_189' title='bbox 440 2566 518 2623; x_wconf 81' lang='lat' dir='ltr'>quam</span> <span class='ocrx_word' id='word_1_190' title='bbox 527 2547 663 2607; x_wconf 77' lang='lat' dir='ltr'>Dominus</span> <span class='ocrx_word' id='word_1_191' title='bbox 672 2549 751 2607; x_wconf 83' lang='lat' dir='ltr'>Deus</span> <span class='ocrx_word' id='word_1_192' title='bbox 763 2545 984 2619; x_wconf 66' lang='lat' dir='ltr'>attruibuit,</span> <span class='ocrx_word' id='word_1_193' title='bbox 997 2547 1069 2623; x_wconf 81' lang='lat' dir='ltr'>quod</span> <span class='ocrx_word' id='word_1_194' title='bbox 1077 2547 1112 2628; x_wconf 69' lang='lat' dir='ltr'>‘est</span> <span class='ocrx_word' id='word_1_195' title='bbox 1120 2566 1203 2621; x_wconf 66' lang='lat' dir='ltr'>ittart-⁸</span> 
     </span>
     <span class='ocr_line' id='line_1_25' title="bbox 158 2633 1201 2723; baseline 0.001 -24"><span class='ocrx_word' id='word_1_196' title='bbox 158 2679 161 2685; x_wconf 94' lang='lat'>-</span> <span class='ocrx_word' id='word_1_197' title='bbox 236 2640 329 2699; x_wconf 76' lang='lat' dir='ltr'>datum</span> <span class='ocrx_word' id='word_1_198' title='bbox 339 2639 450 2717; x_wconf 81' lang='lat' dir='ltr'>primum</span> <span class='ocrx_word' id='word_1_199' title='bbox 461 2640 489 2697; x_wconf 80' lang='lat' dir='ltr'>in</span> <span class='ocrx_word' id='word_1_200' title='bbox 502 2639 663 2719; x_wconf 77' lang='lat' dir='ltr'>promiffiune</span> <span class='ocrx_word' id='word_1_201' title='bbox 678 2637 732 2723; x_wconf 81' lang='lat' dir='ltr'>[a].</span> <span class='ocrx_word' id='word_1_202' title='bbox 747 2638 821 2700; x_wconf 84' lang='lat' dir='ltr'>Haec</span> <span class='ocrx_word' id='word_1_203' title='bbox 835 2639 952 2699; x_wconf 83' lang='lat' dir='ltr'>interra</span> <span class='ocrx_word' id='word_1_204' title='bbox 961 2633 1099 2721; x_wconf 69' lang='lat' dir='ltr'>promissa</span> <span class='ocrx_word' id='word_1_205' title='bbox 1112 2638 1201 2712; x_wconf 80' lang='lat' dir='ltr'>vita,</span> 
     </span>
     <span class='ocr_line' id='line_1_26' title="bbox 234 2727 1202 2815; baseline 0.003 -22"><span class='ocrx_word' id='word_1_206' title='bbox 234 2728 463 2814; x_wconf 74' lang='lat' dir='ltr'>teternae‘figura</span> <span class='ocrx_word' id='word_1_207' title='bbox 477 2730 518 2792; x_wconf 86' lang='lat' dir='ltr'>est</span> <span class='ocrx_word' id='word_1_208' title='bbox 525 2738 539 2790; x_wconf 74' lang='grc' dir='ltr'>τ’</span> <span class='ocrx_word' id='word_1_209' title='bbox 546 2731 654 2815; x_wconf 87' lang='lat' dir='ltr'>eosque</span> <span class='ocrx_word' id='word_1_210' title='bbox 664 2734 767 2794; x_wconf 86' lang='lat' dir='ltr'>vivere</span> <span class='ocrx_word' id='word_1_211' title='bbox 780 2749 895 2812; x_wconf 73' lang='lat' dir='ltr'>equum</span> <span class='ocrx_word' id='word_1_212' title='bbox 905 2727 961 2802; x_wconf 85' lang='lat' dir='ltr'>est,</span> <span class='ocrx_word' id='word_1_213' title='bbox 976 2729 1027 2812; x_wconf 89' lang='lat' dir='ltr'>qui</span> <span class='ocrx_word' id='word_1_214' title='bbox 1036 2727 1202 2812; x_wconf 71' lang='lat' dir='ltr'>accepraei</span> 
     </span>
     <span class='ocr_line' id='line_1_27' title="bbox 236 2819 1203 2907; baseline 0.002 -23"><span class='ocrx_word' id='word_1_215' title='bbox 236 2825 407 2907; x_wconf 84' lang='lat' dir='ltr'>parentibus</span> <span class='ocrx_word' id='word_1_216' title='bbox 416 2825 487 2886; x_wconf 84' lang='lat' dir='ltr'>vitae</span> <span class='ocrx_word' id='word_1_217' title='bbox 493 2843 638 2886; x_wconf 85' lang='lat' dir='ltr'>memores</span> <span class='ocrx_word' id='word_1_218' title='bbox 645 2823 716 2886; x_wconf 87' lang='lat' dir='ltr'>sunt.</span> <span class='ocrx_word' id='word_1_219' title='bbox 726 2823 963 2905; x_wconf 83' lang='lat' dir='ltr'>Parentesigitur</span> <span class='ocrx_word' id='word_1_220' title='bbox 970 2819 1091 2905; x_wconf 86' lang='lat' dir='ltr'>quisque</span> <span class='ocrx_word' id='word_1_221' title='bbox 1099 2821 1203 2886; x_wconf 91' lang='lat' dir='ltr'>obser·</span> 
     </span>
     <span class='ocr_line' id='line_1_28' title="bbox 237 2913 1205 2998; baseline -0.001 -19"><span class='ocrx_word' id='word_1_222' title='bbox 237 2934 312 2979; x_wconf 82' lang='lat' dir='ltr'>vare</span> <span class='ocrx_word' id='word_1_223' title='bbox 330 2916 431 2989; x_wconf 87' lang='lat' dir='ltr'>debet,</span> <span class='ocrx_word' id='word_1_224' title='bbox 445 2917 512 2978; x_wconf 80' lang='lat' dir='ltr'>cium</span> <span class='ocrx_word' id='word_1_225' title='bbox 530 2917 660 2979; x_wconf 80' lang='lat' dir='ltr'>meminit</span> <span class='ocrx_word' id='word_1_226' title='bbox 676 2915 705 2979; x_wconf 92' lang='lat' dir='ltr'>se</span> <span class='ocrx_word' id='word_1_227' title='bbox 721 2914 897 2979; x_wconf 88' lang='lat' dir='ltr'>nasciturum</span> <span class='ocrx_word' id='word_1_228' title='bbox 918 2913 972 2978; x_wconf 76' lang='lat' dir='ltr'>nisu</span> <span class='ocrx_word' id='word_1_229' title='bbox 986 2934 1039 2998; x_wconf 88' lang='lat' dir='ltr'>per</span> <span class='ocrx_word' id='word_1_230' title='bbox 1060 2934 1115 2978; x_wconf 79' lang='lat' dir='ltr'>eos</span> <span class='ocrx_word' id='word_1_231' title='bbox 1135 2935 1205 2979; x_wconf 86' lang='lat' dir='ltr'>nore</span> 
     </span>
     <span class='ocr_line' id='line_1_29' title="bbox 237 3002 1202 3089; baseline 0.004 -21"><span class='ocrx_word' id='word_1_232' title='bbox 237 3002 337 3080; x_wconf 80' lang='lat' dir='ltr'>suiffe,</span> <span class='ocrx_word' id='word_1_233' title='bbox 351 3007 368 3068; x_wconf 74' lang='lat' dir='ltr'>i</span> <span class='ocrx_word' id='word_1_234' title='bbox 380 3024 472 3069; x_wconf 83' lang='lat' dir='ltr'>matre</span> <span class='ocrx_word' id='word_1_235' title='bbox 486 3010 598 3071; x_wconf 83' lang='lat' dir='ltr'>acerbis</span> <span class='ocrx_word' id='word_1_236' title='bbox 613 3009 765 3070; x_wconf 84' lang='lat' dir='ltr'>doloribus</span> <span class='ocrx_word' id='word_1_237' title='bbox 780 3009 904 3083; x_wconf 90' lang='lat' dir='ltr'>editum,</span> <span class='ocrx_word' id='word_1_238' title='bbox 919 3008 956 3069; x_wconf 84' lang='lat' dir='ltr'>ab</span> <span class='ocrx_word' id='word_1_239' title='bbox 973 3025 1102 3089; x_wconf 88' lang='lat' dir='ltr'>utroque</span> <span class='ocrx_word' id='word_1_240' title='bbox 1119 3008 1202 3072; x_wconf 80' lang='lat' dir='ltr'>cutis</span> 
     </span>
     <span class='ocr_line' id='line_1_30' title="bbox 236 3096 1201 3184; baseline 0.004 -23"><span class='ocrx_word' id='word_1_241' title='bbox 236 3096 443 3179; x_wconf 85' lang='lat' dir='ltr'>laboribusque</span> <span class='ocrx_word' id='word_1_242' title='bbox 458 3101 589 3163; x_wconf 84' lang='lat' dir='ltr'>maximis</span> <span class='ocrx_word' id='word_1_243' title='bbox 603 3100 744 3163; x_wconf 86' lang='lat' dir='ltr'>nutritum</span> <span class='ocrx_word' id='word_1_244' title='bbox 757 3099 788 3162; x_wconf 77' lang='grc' dir='ltr'>δι</span> <span class='ocrx_word' id='word_1_245' title='bbox 803 3101 958 3163; x_wconf 84' lang='lat' dir='ltr'>educatum</span> <span class='ocrx_word' id='word_1_246' title='bbox 974 3099 1026 3184; x_wconf 84' lang='lat' dir='ltr'><em>[b].</em></span> <span class='ocrx_word' id='word_1_247' title='bbox 1042 3099 1201 3182; x_wconf 60' lang='lat' dir='ltr'>Quamdib</span> 
     </span>
     <span class='ocr_line' id='line_1_31' title="bbox 237 3189 1198 3278; baseline 0.01 -27"><span class='ocrx_word' id='word_1_248' title='bbox 237 3189 340 3272; x_wconf 76' lang='lat' dir='ltr'>junior</span> <span class='ocrx_word' id='word_1_249' title='bbox 349 3189 391 3254; x_wconf 88' lang='lat' dir='ltr'>est</span> <span class='ocrx_word' id='word_1_250' title='bbox 402 3189 490 3274; x_wconf 88' lang='lat' dir='ltr'>iisque</span> <span class='ocrx_word' id='word_1_251' title='bbox 498 3213 551 3277; x_wconf 87' lang='lat' dir='ltr'>per</span> <span class='ocrx_word' id='word_1_252' title='bbox 563 3193 645 3278; x_wconf 84' lang='lat' dir='ltr'>leges</span> <span class='ocrx_word' id='word_1_253' title='bbox 658 3192 802 3268; x_wconf 84' lang='lat' dir='ltr'>subditus,</span> <span class='ocrx_word' id='word_1_254' title='bbox 812 3192 916 3276; x_wconf 75' lang='lat' dir='ltr'>parere</span> <span class='ocrx_word' id='word_1_255' title='bbox 932 3193 1036 3267; x_wconf 88' lang='lat' dir='ltr'>debet,</span> <span class='ocrx_word' id='word_1_256' title='bbox 1045 3211 1198 3277; x_wconf 67' lang='lat' dir='ltr'>precepta</span> 
     </span>
     <span class='ocr_line' id='line_1_32' title="bbox 238 3283 1202 3370; baseline 0.001 -22"><span class='ocrx_word' id='word_1_257' title='bbox 238 3283 381 3348; x_wconf 84' lang='lat' dir='ltr'>audire&amp;</span> <span class='ocrx_word' id='word_1_258' title='bbox 394 3287 514 3369; x_wconf 81' lang='lat' dir='ltr'>exequi:</span> <span class='ocrx_word' id='word_1_259' title='bbox 524 3284 786 3370; x_wconf 86' lang='lat' dir='ltr'>correptionesque</span> <span class='ocrx_word' id='word_1_260' title='bbox 799 3284 955 3362; x_wconf 85' lang='lat' dir='ltr'>sustinere,</span> <span class='ocrx_word' id='word_1_261' title='bbox 970 3303 1108 3370; x_wconf 84' lang='lat' dir='ltr'>reputans</span> <span class='ocrx_word' id='word_1_262' title='bbox 1120 3298 1202 3349; x_wconf 77' lang='lat' dir='ltr'>noti-³</span> 
     </span>
     <span class='ocr_line' id='line_1_33' title="bbox 239 3376 1203 3464; baseline 0.004 -24"><span class='ocrx_word' id='word_1_263' title='bbox 239 3376 308 3440; x_wconf 85' lang='lat' dir='ltr'>dum</span> <span class='ocrx_word' id='word_1_264' title='bbox 318 3378 457 3443; x_wconf 88' lang='lat' dir='ltr'>idoneum</span> <span class='ocrx_word' id='word_1_265' title='bbox 466 3380 516 3463; x_wconf 90' lang='lat' dir='ltr'>qui</span> <span class='ocrx_word' id='word_1_266' title='bbox 524 3378 615 3464; x_wconf 89' lang='lat' dir='ltr'>seipse</span> <span class='ocrx_word' id='word_1_267' title='bbox 623 3399 715 3463; x_wconf 83' lang='lat' dir='ltr'>regat.</span> <span class='ocrx_word' id='word_1_268' title='bbox 724 3380 780 3443; x_wconf 91' lang='lat' dir='ltr'>Per</span> <span class='ocrx_word' id='word_1_269' title='bbox 788 3400 886 3443; x_wconf 83' lang='lat' dir='ltr'>aevum</span> <span class='ocrx_word' id='word_1_270' title='bbox 896 3397 985 3442; x_wconf 86' lang='lat' dir='ltr'>omne</span> <span class='ocrx_word' id='word_1_271' title='bbox 992 3378 1203 3463; x_wconf 83' lang='lat' dir='ltr'>reliquumpa·</span> 
     </span>
     <span class='ocr_line' id='line_1_34' title="bbox 238 3469 1202 3557; baseline 0.001 -23"><span class='ocrx_word' id='word_1_272' title='bbox 238 3488 340 3534; x_wconf 78' lang='lat' dir='ltr'>rentes</span> <span class='ocrx_word' id='word_1_273' title='bbox 356 3470 515 3536; x_wconf 85' lang='lat' dir='ltr'>observare</span> <span class='ocrx_word' id='word_1_274' title='bbox 530 3489 651 3556; x_wconf 78' lang='lat' dir='ltr'>pergat,</span> <span class='ocrx_word' id='word_1_275' title='bbox 662 3476 691 3534; x_wconf 88' lang='lat' dir='ltr'>in</span> <span class='ocrx_word' id='word_1_276' title='bbox 709 3473 846 3557; x_wconf 81' lang='lat' dir='ltr'>omnibus</span> <span class='ocrx_word' id='word_1_277' title='bbox 857 3469 1074 3538; x_wconf 82' lang='lat' dir='ltr'>ueceffitatibua</span> <span class='ocrx_word' id='word_1_278' title='bbox 1088 3469 1202 3535; x_wconf 64' lang='lat' dir='ltr'>suive·</span> 
     </span>
     <span class='ocr_line' id='line_1_35' title="bbox 238 3562 1200 3648; baseline 0.003 -23"><span class='ocrx_word' id='word_1_279' title='bbox 238 3563 318 3635; x_wconf 77' lang='lat' dir='ltr'>niet,</span> <span class='ocrx_word' id='word_1_280' title='bbox 333 3581 455 3648; x_wconf 81' lang='lat' dir='ltr'>egentes</span> <span class='ocrx_word' id='word_1_281' title='bbox 467 3562 697 3648; x_wconf 86' lang='lat' dir='ltr'>aiat‚seniorum</span> <span class='ocrx_word' id='word_1_282' title='bbox 713 3565 942 3628; x_wconf 71' lang='lat' dir='ltr'>imbediiitatem</span> <span class='ocrx_word' id='word_1_283' title='bbox 960 3566 1076 3627; x_wconf 88' lang='lat' dir='ltr'>toleret.</span> <span class='ocrx_word' id='word_1_284' title='bbox 1096 3564 1200 3647; x_wconf 78' lang='lat' dir='ltr'>Quae·</span> 
     </span>
     <span class='ocr_line' id='line_1_36' title="bbox 239 3653 1203 3743; baseline 0.007 -24"><span class='ocrx_word' id='word_1_285' title='bbox 239 3658 402 3740; x_wconf 85' lang='lat' dir='ltr'>cumquein</span> <span class='ocrx_word' id='word_1_286' title='bbox 412 3658 578 3741; x_wconf 86' lang='lat' dir='ltr'>proximum</span> <span class='ocrx_word' id='word_1_287' title='bbox 592 3673 768 3739; x_wconf 86' lang='lat' dir='ltr'>peccantur,</span> <span class='ocrx_word' id='word_1_288' title='bbox 780 3659 811 3720; x_wconf 89' lang='lat' dir='ltr'>in</span> <span class='ocrx_word' id='word_1_289' title='bbox 826 3677 962 3742; x_wconf 87' lang='lat' dir='ltr'>parentes</span> <span class='ocrx_word' id='word_1_290' title='bbox 972 3653 1088 3720; x_wconf 76' lang='lat' dir='ltr'>admissa</span> <span class='ocrx_word' id='word_1_291' title='bbox 1107 3658 1203 3743; x_wconf 62' lang='lat' dir='ltr'>longi</span> 
     </span>
     <span class='ocr_line' id='line_1_37' title="bbox 238 3742 1204 3835; baseline 0.002 -23"><span class='ocrx_word' id='word_1_292' title='bbox 238 3751 381 3833; x_wconf 83' lang='lat' dir='ltr'>graviora</span> <span class='ocrx_word' id='word_1_293' title='bbox 393 3742 465 3814; x_wconf 76' lang='lat' dir='ltr'>suar.</span> <span class='ocrx_word' id='word_1_294' title='bbox 479 3751 548 3814; x_wconf 86' lang='lat' dir='ltr'>Hoc</span> <span class='ocrx_word' id='word_1_295' title='bbox 567 3751 673 3813; x_wconf 85' lang='lat' dir='ltr'>eodem</span> <span class='ocrx_word' id='word_1_296' title='bbox 692 3750 846 3835; x_wconf 85' lang='lat' dir='ltr'>Praecepto</span> <span class='ocrx_word' id='word_1_297' title='bbox 865 3767 1000 3833; x_wconf 78' lang='lat' dir='ltr'>parentes</span> <span class='ocrx_word' id='word_1_298' title='bbox 1017 3748 1070 3832; x_wconf 78' lang='lat' dir='ltr'>ipsi</span> <span class='ocrx_word' id='word_1_299' title='bbox 1085 3750 1204 3814; x_wconf 76' lang='lat' dir='ltr'>liberos</span> 
     </span>
     <span class='ocr_line' id='line_1_38' title="bbox 238 3841 1203 3927; baseline 0 -21"><span class='ocrx_word' id='word_1_300' title='bbox 238 3841 319 3906; x_wconf 85' lang='lat' dir='ltr'>aiere</span> <span class='ocrx_word' id='word_1_301' title='bbox 337 3859 474 3907; x_wconf 84' lang='lat' dir='ltr'>tenentur</span> <span class='ocrx_word' id='word_1_302' title='bbox 488 3843 519 3904; x_wconf 73' lang='lat' dir='ltr'>tr</span> <span class='ocrx_word' id='word_1_303' title='bbox 533 3843 678 3922; x_wconf 84' lang='lat' dir='ltr'>educare,</span> <span class='ocrx_word' id='word_1_304' title='bbox 694 3843 792 3909; x_wconf 87' lang='lat' dir='ltr'>donec</span> <span class='ocrx_word' id='word_1_305' title='bbox 812 3843 863 3927; x_wconf 76' lang='lat' dir='ltr'>ipsi</span> <span class='ocrx_word' id='word_1_306' title='bbox 876 3842 903 3907; x_wconf 91' lang='lat' dir='ltr'>se</span> <span class='ocrx_word' id='word_1_307' title='bbox 918 3863 972 3926; x_wconf 85' lang='lat' dir='ltr'>per</span> <span class='ocrx_word' id='word_1_308' title='bbox 986 3859 1103 3905; x_wconf 75' lang='lat' dir='ltr'>aetatem</span> <span class='ocrx_word' id='word_1_309' title='bbox 1120 3845 1203 3906; x_wconf 88' lang='lat' dir='ltr'>tueri</span> 
     </span>
     <span class='ocr_line' id='line_1_39' title="bbox 236 3933 1204 4022; baseline 0.002 -26"><span class='ocrx_word' id='word_1_310' title='bbox 236 3933 1204 4022; x_wconf 71' lang='lat' dir='ltr'>potinrnoceredebent,maximereiigionisofficia3corripere,</span> 
     </span>
     <span class='ocr_line' id='line_1_40' title="bbox 238 4024 1203 4114; baseline 0.003 -26"><span class='ocrx_word' id='word_1_311' title='bbox 238 4024 288 4089; x_wconf 86' lang='lat' dir='ltr'>sed</span> <span class='ocrx_word' id='word_1_312' title='bbox 303 4027 430 4113; x_wconf 76' lang='lat' dir='ltr'>benigne</span> <span class='ocrx_word' id='word_1_313' title='bbox 439 4049 473 4092; x_wconf 85' lang='lat' dir='ltr'>ac</span> <span class='ocrx_word' id='word_1_314' title='bbox 482 4031 653 4114; x_wconf 87' lang='lat' dir='ltr'>prudenter:</span> <span class='ocrx_word' id='word_1_315' title='bbox 665 4031 705 4092; x_wconf 89' lang='lat' dir='ltr'>ita</span> <span class='ocrx_word' id='word_1_316' title='bbox 719 4047 752 4093; x_wconf 90' lang='lat' dir='ltr'>ut</span> <span class='ocrx_word' id='word_1_317' title='bbox 767 4049 822 4094; x_wconf 88' lang='lat' dir='ltr'>nec</span> <span class='ocrx_word' id='word_1_318' title='bbox 832 4029 989 4091; x_wconf 75' lang='lat' dir='ltr'>immodice</span> <span class='ocrx_word' id='word_1_319' title='bbox 1005 4027 1203 4105; x_wconf 82' lang='lat' dir='ltr'>contristent,</span> 
     </span>
     <span class='ocr_line' id='line_1_41' title="bbox 239 4120 1204 4208; baseline 0.003 -26"><span class='ocrx_word' id='word_1_320' title='bbox 239 4123 425 4184; x_wconf 85' lang='lat' dir='ltr'>necanimum</span> <span class='ocrx_word' id='word_1_321' title='bbox 432 4122 610 4208; x_wconf 86' lang='lat' dir='ltr'>deprimant:</span> <span class='ocrx_word' id='word_1_322' title='bbox 623 4124 761 4206; x_wconf 77' lang='lat' dir='ltr'>erempio</span> <span class='ocrx_word' id='word_1_323' title='bbox 773 4123 887 4205; x_wconf 75' lang='lat' dir='ltr'>juvare.</span> <span class='ocrx_word' id='word_1_324' title='bbox 899 4121 942 4184; x_wconf 83' lang='lat' dir='ltr'>Ex</span> <span class='ocrx_word' id='word_1_325' title='bbox 953 4121 1039 4201; x_wconf 83' lang='lat' dir='ltr'>hujus</span> <span class='ocrx_word' id='word_1_326' title='bbox 1051 4120 1204 4205; x_wconf 84' lang='lat' dir='ltr'>Praecepti</span> 
     </span>
    </p>
   </div>
   <div class='ocr_carea' id='block_1_6' title="bbox 237 4325 1207 4485">
    <p class='ocr_par' dir='ltr' id='par_1_11' title="bbox 237 4325 1207 4485">
     <span class='ocr_line' id='line_1_42' title="bbox 273 4325 1207 4403; baseline 0 -20"><span class='ocrx_word' id='word_1_327' title='bbox 273 4330 314 4391; x_wconf 81' lang='lat' dir='ltr'>(a)</span> <span class='ocrx_word' id='word_1_328' title='bbox 329 4326 409 4380; x_wconf 77' lang='lat' dir='ltr'><em>Exod.</em></span> <span class='ocrx_word' id='word_1_329' title='bbox 420 4346 442 4381; x_wconf 80' lang='lat' dir='ltr'>c.</span> <span class='ocrx_word' id='word_1_330' title='bbox 457 4346 497 4382; x_wconf 85' lang='grc' dir='ltr'>ιο.</span> <span class='ocrx_word' id='word_1_331' title='bbox 519 4348 543 4387; x_wconf 88' lang='grc' dir='ltr'>ν.</span> <span class='ocrx_word' id='word_1_332' title='bbox 560 4346 595 4392; x_wconf 86' lang='grc' dir='ltr'>ιι.</span> <span class='ocrx_word' id='word_1_333' title='bbox 608 4328 700 4401; x_wconf 62' lang='grc' dir='ltr'>ΕΜ</span> <span class='ocrx_word' id='word_1_334' title='bbox 712 4347 735 4386; x_wconf 74' lang='grc' dir='ltr'>τ.-</span> <span class='ocrx_word' id='word_1_335' title='bbox 751 4334 775 4387; x_wconf 78' lang='grc'>6.</span> <span class='ocrx_word' id='word_1_336' title='bbox 788 4349 812 4388; x_wconf 88' lang='lat' dir='ltr'>u.</span> <span class='ocrx_word' id='word_1_337' title='bbox 824 4348 849 4386; x_wconf 83' lang='grc' dir='ltr'>ι.</span> <span class='ocrx_word' id='word_1_338' title='bbox 874 4331 924 4403; x_wconf 78' lang='lat' dir='ltr'>(b)</span> <span class='ocrx_word' id='word_1_339' title='bbox 938 4325 1018 4385; x_wconf 73' lang='lat' dir='ltr'>Ereti.</span> <span class='ocrx_word' id='word_1_340' title='bbox 1031 4340 1054 4382; x_wconf 71' lang='lat' dir='ltr'>t·</span> <span class='ocrx_word' id='word_1_341' title='bbox 1068 4337 1094 4391; x_wconf 79' lang='lat'>3·</span> <span class='ocrx_word' id='word_1_342' title='bbox 1104 4339 1129 4377; x_wconf 77' lang='lat' dir='ltr'>t·</span> <span class='ocrx_word' id='word_1_343' title='bbox 1145 4335 1165 4378; x_wconf 86' lang='lat'>1·</span> <span class='ocrx_word' id='word_1_344' title='bbox 1179 4333 1207 4388; x_wconf 66' lang='lat' dir='ltr'>ti</span> 
     </span>
     <span class='ocr_line' id='line_1_43' title="bbox 237 4397 878 4485; baseline -0.003 -33"><span class='ocrx_word' id='word_1_345' title='bbox 237 4409 285 4468; x_wconf 66' lang='lat'>29.</span> <span class='ocrx_word' id='word_1_346' title='bbox 302 4397 364 4458; x_wconf 76' lang='lat' dir='ltr'>Tui.</span> <span class='ocrx_word' id='word_1_347' title='bbox 376 4413 400 4456; x_wconf 85' lang='lat' dir='ltr'>c.</span> <span class='ocrx_word' id='word_1_348' title='bbox 418 4414 447 4468; x_wconf 76' lang='lat'>4.</span> <span class='ocrx_word' id='word_1_349' title='bbox 458 4416 483 4457; x_wconf 84' lang='grc' dir='ltr'>ν.</span> <span class='ocrx_word' id='word_1_350' title='bbox 496 4413 524 4467; x_wconf 75' lang='lat'>4.</span> <span class='ocrx_word' id='word_1_351' title='bbox 854 4436 878 4485; x_wconf 43' lang='lat' dir='ltr'>p</span> 
     </span>
    </p>
   </div>
   <div class='ocr_carea' id='block_1_7' title="bbox 0 0 1293 5040">
    <p class='ocr_par' dir='ltr' id='par_1_12' title="bbox 0 0 1293 5040">
     <span class='ocr_line' id='line_1_44' title="bbox 0 0 1293 5040; baseline 0 0"><span class='ocrx_word' id='word_1_352' title='bbox 0 0 1293 5040; x_wconf 95' lang='lat' dir='ltr'> </span> 
     </span>
    </p>
   </div>
  </div>
 </body>
</html>
