2556 5040
213 602 282 670 '⁴04
461 578 979 655 cnrtcnlsnus

479 736 926 799 rustinoN1n

246 876 289 928 ἵε
302 877 383 927 mibi!
395 886 424 925 nt
435 876 496 938 quid
516 889 590 925 natus
613 874 665 924 sunt
688 875 774 924 ridete
802 877 985 926 contritionem
998 878 1085 941 popuii
1099 881 1172 931 ιιιεί.ζ

212 946 294 998 sanita
307 951 334 996 in
354 961 428 996 mrnu
441 958 619 994 extraneorum
637 944 700 994 fasta
719 945 931 1010 suntttemplnm
944 946 997 1005 ejus
1010 948 1071 995 ficut
1094 951 1172 999 homo

211 1017 341 1080 ignobilis.
352 1015 413 1064 vin
426 1017 511 1078 glorie
524 1015 577 1075 ejus
590 1016 688 1078 captiva
702 1014 807 1063 abdustr
827 1014 882 1063 sunt
895 1017 1076 1082 :pulchritudo
1093 1020 1174 1068 nostra

210 1084 323 1136 desolata
338 1085 393 1143 ed,
413 1085 440 1131 dt
453 1087 679 1147 coinquinaverunt
691 1099 721 1133 ea
739 1096 837 1148 genter.
850 1083 911 1145 Quo
923 1083 985 1148 ergo
1001 1087 1076 1135 nobit
1090 1091 1177 1137 adbuc

208 1155 315 1204 vivete?
330 1154 481 1202 r-Mntirx.
497 1169 520 1202 ι.
532 1171 558 1202 ν.
573 1167 598 1209 7.
612 1152 693 1205 Mc.

242 1224 315 1272 Nunc
328 1234 413 1271 autem
424 1223 534 1289 repulisti
552 1222 578 1270 dt
590 1220 725 1271 confudisti
737 1235 792 1270 not.
805 1221 903 1272 Dedisti
916 1239 960 1272 nor
978 1235 1095 1286 tanquam
1110 1241 1172 1277 oret

207 1289 320 1341 escarum
332 1312 340 1339 .·
352 1293 377 1339 ἃ
391 1295 415 1339 iu
424 1293 541 1355 gentibus
551 1292 681 1358 disperfilii
693 1306 738 1340 not
752 1308 759 1338 :
773 1291 874 1357 posuisti
885 1308 930 1340 uos
945 1295 1109 1358 opprobrium
1133 1299 1171 1344 ri-

206 1361 271 1410 tinir
279 1361 377 1410 nolitis.
387 1362 446 1410 Hac
458 1363 543 1411 omnia
552 1373 676 1411 uenerunt
685 1359 759 1426 super
768 1376 831 1419 nor,
845 1376 892 1411 nec
903 1363 979 1411 obliti
990 1361 1071 1412 sumus
1083 1376 1127 1413 te:
1142 1365 1170 1414 dt

205 1430 290 1492 inique
304 1448 353 1479 non
364 1433 460 1490 egimus
474 1435 499 1480 in
512 1432 662 1481 testamento
676 1441 730 1478 tuo.
743 1430 784 1493 ΡΙ.
799 1444 842 1490 43.
858 1447 897 1482 ro.
912 1446 949 1481 ιι.
967 1445 1005 1489 14.
1027 1434 1065 1481 18.

239 1501 301 1548 Etfi
316 1515 404 1548 omnen
417 1513 504 1564 genter
517 1502 571 1564 regi
581 1500 711 1549 Antiocho
721 1499 846 1550 obediunt
856 1536 865 1560 ,
875 1512 903 1549 ut
915 1501 1028 1550 discedat
1041 1498 1170 1565 unusquis-

203 1583 252 1630 que
268 1567 282 1615 ti
296 1568 413 1618 seruitute
426 1572 489 1634 legis
501 1583 601 1635 patrum
618 1567 791 1632 suorum:ego
802 1570 829 1618 dt
842 1569 887 1620 iiiii
897 1572 966 1629 mei,
976 1572 1000 1620 R
1013 1569 1099 1620 fratres
1115 1569 1169 1620 mei

203 1638 354 1688 obediemus
364 1638 416 1702 legi
427 1653 527 1703 patmum
539 1638 687 1689 nostrorum.
703 1638 829 1703 Propitius
846 1640 875 1688 ur
885 1639 959 1688 nobit
971 1641 1041 1688 Deus
1052 1657 1058 1686 z
1069 1656 1119 1688 non
1133 1642 1168 1689 eli

202 1708 279 1756 nubis
292 1711 353 1758 utile
366 1710 507 1771 relinquere
520 1711 621 1774 legent,
634 1709 660 1756 lt
672 1707 777 1768 justitias
795 1709 856 1759 Dei.
871 1722 896 1757 ι.
908 1707 996 1757 uacn.
1010 1724 1033 1756 c.
1048 1725 1071 1760 2.
1083 1726 1110 1760 ν.
1126 1723 1168 1770 19.

203 1789 245 1826 zo.
258 1793 300 1826 ιι.

237 1847 312 1896 Nunc
321 1845 383 1910 ergit
396 1881 403 1907 ‚
420 1830 493 1899 bfiffi
502 1849 513 1896 ‚¹
523 1848 680 1896 emulatores
693 1845 774 1896 estote
788 1844 869 1909 legit,
883 1842 911 1891 ἃ
929 1843 988 1893 date
1002 1848 1097 1895 animas
1111 1847 1167 1897 res-

202 1924 308 1982 tmpro
327 1918 478 1966 testamento
490 1930 592 1980 patrum
603 1916 738 1965 restrum
749 1949 758 1976 ‚
770 1914 797 1962 it
810 1912 941 1979 accipietis
962 1916 1069 1978 gloriam
1092 1933 1166 1983 mag·

201 1998 260 2034 nan
271 2018 281 2044 ,
292 1985 319 2032 ἃ
334 2001 426 2034 nornen
436 1998 567 2035 aternum.
579 1983 648 2033 ibid.
661 1999 686 2031 ν.
700 1999 740 2044 ςο.
753 1996 794 2042 ςι.

234 2053 284 2102 Vos
294 2053 361 2102 scirit
371 2067 463 2118 quanta
475 2067 544 2118 ego,
566 2053 594 2101 81
612 2052 703 2102 stetten
718 2053 769 2101 urei
783 2049 888 2100 fecimus
901 2065 949 2116 pro
962 2053 1061 2116 legibus
1075 2054 1100 2102 dt
1114 2070 1163 2120 pro

198 2120 287 2172 frustis
298 2125 381 2188 prelia
392 2140 399 2170 ι
412 2125 502 2172 borum
522 2121 601 2186 gntii
620 2121 750 2186 perierunt
763 2119 852 2170 fratres
865 2121 916 2169 mei
931 2135 1029 2180 omnes.
1042 2122 1077 2170 Et
1095 2139 1163 2171 nunc

197 2205 252 2240 non
265 2192 326 2240 ιιιίιιί
336 2192 467 2254 contingat
477 2204 581 2256 parcere
591 2192 679 2239 anitnae
699 2205 779 2239 mea.-
791 2204 844 2238 uon
856 2191 925 2239 enim
938 2192 1029 2240 melior
1042 2191 1093 2239 sum
1115 2191 1164 2240 sra-

198 2259 280 2310 tn'but
289 2263 363 2310 meir.
377 2276 398 2309 t.
411 2261 498 2308 Mucii.
513 2273 626 2320 c.13.v.
642 2270 665 2318 3.
676 2272 702 2317 4.
723 2273 747 2318 ς.

272 2429 1065 2446 ——u-*m*

374 2523 704 2608 LECTIO
760 2524 985 2610 XXIV.

244 2697 329 2796 Quo
340 2702 436 2791 statu
444 2697 512 2793 stab
528 2701 713 2893 advejqrum
741 2696 863 2789 clrtsti
883 2722 935 2769 res
949 2696 1110 2771 humanm

632 2804 754 2868 nert'nt.

278 2955 354 3019 010
366 2957 459 3020 adhuc
472 2955 545 3019 orbe
560 2959 702 3040 regnabat
719 2954 868 3019 idolorum
880 2959 974 3020 cultius
983 2981 992 3019 .·
1000 2975 1030 3020 at
1039 2956 1160 3022 Graecin

280 3050 459 3133 philosophis
486 3050 672 3120 abundabat,
690 3050 740 3131 qui
766 3048 830 3125 eius
851 3049 1054 3114 audioritatem
1079 3052 1159 3132 apud

195 3141 400 3224 prudentiores
416 3143 577 3204 elevarent.
596 3140 740 3204 Absutdns
752 3139 808 3203 esse
820 3145 1020 3226 percipiebant
1032 3143 1160 3216 fabulas,

195 3235 302 3317 quibus
316 3235 334 3296 l
355 3235 455 3297 Poetis
468 3235 669 3297 detinerentur
686 3236 787 3318 populi
798 3281 808 3308 ‚
819 3237 983 3320 religioque
998 3241 1095 3300 omnis
1110 3240 1159 3299 ni·

196 3345 317 3391 teretur.
330 3329 358 3389 Α
370 3327 442 3391 Deo
454 3328 590 3390 universa
601 3330 664 3411 regi
678 3346 827 3390 noverant
838 3376 846 3402 ‚
856 3350 953 3410 eoque
965 3331 1002 3390 ab
1015 3332 1071 3392 illis
1080 3349 1156 3412 quos

195 3423 304 3504 vulgus
312 3424 439 3496 colebat,
447 3421 660 3504 longldiverso
670 3445 677 3482 :
687 3442 715 3484 at
723 3441 777 3483 nec
786 3422 822 3483 de
830 3423 883 3485 illo
891 3423 973 3504 loqui
983 3424 1092 3506 paiim,
1100 3443 1157 3486 nec

196 3516 393 3598 quidquamin
406 3510 538 3596 receptas
548 3516 707 3599 religiones
719 3531 833 3576 tentare
843 3516 997 3577 audebant.
1011 3515 1157 3579 Satiserat

193 3626 247 3669 eas
256 3609 331 3691 apud
345 3606 373 3669 se
386 3609 469 3689 parvi
481 3610 609 3690 pendere
619 3654 630 3682 ‚
641 3625 673 3670 ut
685 3622 763 3670 artes
774 3607 915 3689 imperitis
925 3610 1065 3671 ducendis
1077 3610 1094 3672 ti
1113 3611 1158 3672 le·

195 3717 266 3783 gunt
277 3701 417 3763 latoribus
427 3698 789 3763 adhibitas.Necminitsin
797 3699 918 3783 speciem
928 3701 1021 3785 vulgi>
1030 3701 1157 3766 consen·

196 3790 431 3868 tiebant‚iisdem
442 3791 484 3855 usu
494 3794 672 3856 caerintoniis
688 3792 834 3873 :cumque
854 3793 890 3856 de
902 3795 966 3855 veri
982 3797 1155 3858 inventione

103 3959 109 3967 ι
196 3885 397 3969 desperarent,
412 3887 578 3948 libidinibus
594 3883 624 3948 se
635 3884 856 3968 turpissimisque
869 3887 1069 3969 voluptatibus
1087 3888 1155 3950 abs-

195 3997 254 4060 que
275 3981 366 4041 modo
378 3980 585 4062 permittebant
598 3977 652 4062 [a].
667 3979 695 4039 Α
707 3977 774 4040 solis
787 3981 892 4042 Judaeis
902 3979 986 4042 Deus
1000 4001 1088 4043 vetus
1101 3993 1158 4044 co·'

193 4070 319 4133 leuatur.
331 4074 365 4134 Ei
377 4074 495 4153 quidem
508 4071 617 4135 servire
632 4072 659 4135 se
679 4072 824 4151 jaidabant
839 4073 1032 4147 Samaritani,
1053 4075 1155 4153 abjec-

194 4165 232 4225 tis
252 4163 358 4225 idolis:
372 4182 402 4226 at
418 4162 558 4248 semperi
578 4165 685 4228 Judaeis
698 4167 813 4248 capitali
826 4167 972 4249 utrimque
988 4169 1059 4229 odio
1070 4167 1154 4230 divisi

195 4274 276 4319 eruut
287 4254 339 4341 [l].
352 4257 439 4319 Soloi
450 4256 541 4320 Mosn
553 4258 645 4321 libros
657 4257 757 4341 spretis
774 4260 893 4342 reliquis
905 4262 1056 4343 prophetis
1071 4263 1152 4323 acci·

229 4440 352 4508 (1⁸)pr
369 4456 392 4494 t.
408 4453 434 4506 4.
448 4451 489 4502 ¹9·
510 4440 556 4502 (l)
568 4437 641 4494 loon.
653 4454 679 4506 4.
692 4451 719 4501 9.
