2572 4958
242 580 312 664 tut
500 558 1030 646 esrrcursuus

242 691 328 757 lento
344 682 405 777 igni
421 684 611 754 torrebantur
623 736 634 761 ,
647 688 858 774 sartaginibus,
870 691 1035 764 craticulis,
1050 678 1132 753 lestis
1147 672 1211 764 set-¹,
1225 697 1229 705 '

243 787 322 862 reis,
333 804 383 849 aut
393 784 472 848 soliis
487 783 576 845 vindi
590 781 762 844 assabantur.
781 781 939 844 Nonnullis
957 782 1046 844 facies
1058 783 1209 868 corpusve

243 896 341 942 sotum
355 880 431 964 pelle
441 877 541 939 nudari
552 900 559 936 :
570 875 644 936 alios
654 875 774 957 pedibus
786 911 796 949 ,
806 874 977 937 manibusve
986 879 1118 946 truncari
1130 923 1141 952 ,
1154 889 1210 942 aut

244 972 359 1036 medios
372 969 448 1053 ipsos
460 969 537 1030 serti
551 968 684 1030 dividere
698 969 830 1049 placebat
847 969 929 1030 :aliis
941 970 1048 1030 oculos
1059 1015 1067 1042 ,
1078 969 1183 1033 dentes
1194 984 1210 1044 ι

245 1083 358 1146 ungues
371 1064 459 1124 evelli
470 1084 477 1122 r
488 1079 538 1123 aut
551 1059 660 1122 viscera
674 1062 752 1122 vivis
768 1062 889 1122 detrahi.
906 1060 995 1123 Multi
1010 1081 1118 1124 canum
1128 1067 1211 1124 inor·

245 1155 340 1230 sibus,
352 1154 504 1230 ursorum,
517 1155 657 1227 leonum,
673 1150 841 1216 ferarumve
862 1154 983 1216 aliarum
1003 1155 1125 1216 laniati:
1145 1157 1212 1237 qut·-

246 1248 312 1312 datn
328 1248 405 1309 tincti
419 1249 504 1309 melle
520 1248 556 1308 ad
575 1246 667 1309 solent
691 1245 849 1308 mulcatum
872 1247 980 1308 aculeis
997 1246 1125 1327 objecti:
1145 1249 1211 1329 qui·

246 1341 312 1403 darn
322 1341 393 1402 oleo
406 1339 542 1402 fervente
555 1341 710 1422 liquatove
725 1341 845 1420 plumbo
860 1337 975 1422 persust.
988 1337 1089 1422 anue
1101 1342 1210 1405 omnia

247 1431 369 1515 saepius‚
384 1435 414 1495 dt
426 1434 558 1517 repetitis
570 1433 691 1494 visibus.
703 1430 769 1493 Poll
783 1433 919 1495 diuturna
933 1449 1101 1507 tormenta,
1119 1434 1206 1520 terrie

246 1526 280 1588 dc
294 1547 384 1608 grave
397 1528 544 1588 olentibus
559 1525 724 1587 carceribus
742 1525 970 1598 claudebantur,
984 1526 1076 1588 clavis
1088 1543 1138 1588 aut
1153 1523 1209 1605 tes,

232 1617 479 1684 ,nilissubslratis
495 1618 630 1701 Plerique
645 1635 798 1706 amputato
809 1621 905 1701 capite
915 1618 1120 1682 consummati.

507 1758 948 1831 Teesimontm

281 1905 350 1956 Ecce
359 1917 406 1971 ego
417 1905 491 1959 mitto
503 1904 534 1952 ad
548 1919 592 1954 vos
610 1904 762 1969 prophetas,
773 1904 799 1951 81
812 1902 956 1970 sapientes,
973 1903 999 1952 8<
1012 1902 1105 1955 scribas
1116 1921 1125 1964 ς
1138 1898 1164 1955 se'
1177 1908 1212 1959 es

247 1970 297 2025 illis
309 1976 446 2037 occidetis,
461 1975 486 2022 &
501 1973 666 2039 crucifigetis¹
679 1973 704 2020 dt
716 1987 747 2024 ert
755 1975 790 2024 eis
802 1973 960 2037 flagellabitis
971 1974 996 2022 in
1011 1975 1143 2040 sinagogis
1157 1974 1213 2026 ves-

248 2045 293 2094 sris
305 2080 312 2105 ,
326 2047 352 2092 tlt
370 2043 554 2109 petsequemini
566 2045 595 2094 de
610 2043 710 2091 civitate
724 2044 748 2090 in
772 2043 909 2092 civitatem.
931 2044 997 2092 Ecce
1007 2057 1060 2107 ‚ego
1075 2049 1149 2095 mitto
1165 2056 1212 2096 vos

248 2113 310 2163 secut
328 2121 387 2163 oves
401 2113 425 2161 in
438 2112 522 2161 medio
535 2112 660 2176 luporum.
674 2110 758 2160 Estote
774 2109 832 2176 ergd
844 2112 979 2178 prudentes
991 2112 1050 2162 sicut
1060 2110 1210 2178 serpentes,

250 2182 416 2246 &simplices
436 2183 498 2231 sicut
515 2180 654 2229 Columbae.
677 2181 771 2230 Cavete
785 2192 868 2231 autem
890 2181 921 2230 ab
936 2181 1086 2231 hominibus.
1099 2183 1217 2235 Tradent'

248 2252 316 2303 enirn
330 2267 372 2300 vos
387 2253 411 2301 in
430 2250 570 2308 conciliis,
584 2251 609 2296 bt
624 2251 648 2297 iu
665 2249 792 2314 Siuagogis
816 2249 860 2300 suis
876 2250 1038 2316 flagellabunt
1056 2265 1099 2300 vos
1114 2271 1123 2300 .·
1137 2253 1163 2300 δι
1176 2254 1210 2305 sd

247 2321 385 2380 Praesides,
399 2318 424 2367 δι
439 2315 469 2367 ad
485 2319 566 2382 Reges
580 2316 706 2367 ducemini
717 2330 820 2385 propter
834 2336 889 2381 nte,
905 2321 931 2368 iu
945 2321 1112 2370 testimouium
1138 2321 1187 2371 illis
1201 2357 1212 2383 ,

249 2389 276 2438 ἃ
291 2390 417 2453 gentibus.
428 2386 492 2437 Crini
504 2398 587 2437 autem
599 2389 702 2437 tradent
715 2400 758 2436 vos
771 2423 779 2448 ‚
792 2391 870 2439 nolite
884 2392 995 2454 cogitare
1007 2386 1134 2452 quomodo
1146 2425 1154 2452 ,
1167 2402 1213 2442 tut

250 2460 309 2521 quid
322 2459 477 2520 loquamini:
490 2457 590 2506 dubitur
603 2459 670 2506 enim
683 2458 754 2507 vobis
769 2460 793 2507 itt
812 2461 854 2508 illa
878 2461 957 2521 hora,
980 2460 1038 2521 quid
1063 2461 1214 2522 loquaminis

248 2529 347 2589 'studet
359 2540 443 2576 autem
456 2526 533 2576 frater
546 2526 646 2577 fratrem
661 2529 686 2577 in
700 2539 826 2588 mortem,
849 2529 873 2575 dt
891 2542 962 2594 pater
973 2528 1049 2578 liliurn
1065 2545 1071 2576 τ
1085 2530 1111 2577 δι
1129 2530 1213 2578 iulus·

249 2611 310 2662 gens
322 2596 526 2663 filiiinparetttes
541 2632 548 2657 ,
561 2597 585 2643 dt
602 2610 681 2646 morte
697 2612 740 2645 eos
753 2597 864 2646 afficient
878 2616 884 2645 :
899 2599 923 2645 ὃ(
938 2599 1008 2648 eritis
1023 2598 1081 2646 otio
1094 2600 1213 2649 omuibus

249 2677 356 2734 propter
369 2682 461 2716 nomen
475 2680 557 2715 meum
573 2685 579 2714 ε
592 2669 632 2729 qui
650 2678 733 2716 autent
746 2666 937 2731 petseueravcrit
947 2667 1019 2730 usque
1030 2668 1054 2716 in
1065 2667 1157 2731 linem,
1171 2669 1213 2718 ltic'

249 2738 328 2788 salvus
340 2740 389 2787 erit
413 2737 491 2787 illust.
505 2753 526 2784 c.
540 2753 577 2786 ze.
593 2752 615 2784 v.
627 2736 738 2797 3a.lbr'dt
752 2753 773 2784 c.
789 2752 824 2785 to.
844 2750 865 2783 ν.
884 2740 913 2784 td
944 2750 981 2796 ¹7·
998 2739 1034 2788 18.
1055 2753 1084 2802 ¹9
1110 2754 1151 2788 st.
1172 2752 1214 2788 aa.

285 2806 510 2857 Conversatinuem
524 2806 625 2855 vellratn
638 2808 703 2855 iuter
716 2818 803 2868 gentes
816 2805 937 2854 habentes
956 2807 1048 2856 borrani
1063 2823 1070 2854 s
1084 2809 1213 2870 mineo,

252 2877 319 2940 quod
333 2877 473 2925 detrectant
486 2875 517 2923 de
530 2876 600 2924 vobis
615 2874 729 2938 satiqu’tm
745 2876 774 2923 de
785 2870 983 2925 malefactoribus
995 2910 1003 2934 ,
1017 2891 1048 2925 ex
1061 2876 1134 2926 bouis
1149 2890 1215 2941 ope·

252 2946 375 2996 rlbutvos
395 2943 595 3005 considerantes,
614 2944 753 3006 glorificent
767 2944 849 2992 Deum
868 2945 892 2993 in
921 2946 961 2994 die
975 2945 1130 2996 visitationis.
1149 2945 1212 2995 Hac

252 3014 288 3064 en
301 3016 367 3063 enim
380 3015 458 3077 gratia
473 3014 504 3073 ‚st
517 3026 620 3078 propter
635 3015 683 3063 Dei
697 3014 875 3062 conscientiam
890 3012 991 3065 sustinet
1007 3016 1059 3077 quis
1074 3015 1208 3073 tristitias,

235 3079 351 3149 'patiens
363 3081 459 3142 injuste.
473 3083 535 3142 Qua
549 3083 582 3132 eli
602 3083 670 3131 enim
693 3083 789 3146 gloria,
803 3083 817 3130 st
834 3097 988 3146 peccantes,
1012 3084 1037 3131 δι
1057 3082 1216 3147 colaphizati

252 3150 382 3202 suffertis?
396 3152 444 3202 Sed
464 3152 479 3200 st
501 3148 689 3200 benefacientes
710 3153 838 3218 patienter
860 3149 1003 3218 sustinetis,
1019 3154 1072 3203 hac
1085 3153 1120 3204 est
1134 3153 1216 3218 grstia

252 3222 320 3290 apud
330 3223 423 3272 Deum.
438 3236 460 3271 s.
475 3221 572 3270 Petne.
585 3237 607 3271 s.
619 3232 642 3270 ν.
660 3235 699 3270 rs.
717 3236 745 3286 ¹9
766 3234 804 3272 20.

264 3347 1200 3437 ΕἲέΞΞ-ΕΞ-Ξπῆῖὖ

466 3501 822 3590 LECTIO
898 3496 994 3589 LI.

416 3680 474 3748 De
500 3675 798 3772 Confefforibus&
825 3676 1049 3776 Martyribus.

350 3862 399 3924 Ut
429 3858 662 3948 persecutionem
683 3853 749 3940 passi
774 3858 954 3943 lupercam,
984 3859 1225 3925 consessores}

261 3868 1217 4049 thcebantut‚qnodchristinomencoramJudicibuscona

256 4046 334 4110 fiteri
347 4045 406 4108 aust
419 4043 528 4119 ellent3
546 4045 636 4128 iisque
651 4068 703 4128 per
725 4067 841 4109 aetatem
854 4067 973 4109 omnent
990 4049 1087 4128 magni
1110 4046 1141 4106 in
1158 4045 1217 4110 Ec⁴

257 4139 341 4201 clesta
355 4141 485 4200 honores
500 4140 689 4218 habebantur.
703 4139 768 4220 Qui
782 4158 906 4202 mortem
920 4141 1041 4201 obibant
1054 4186 1063 4213 ‚
1076 4139 1219 4200 diceban-t

259 4249 307 4293 tur
325 4232 521 4305 Maurius,
535 4233 562 4292 u
578 4233 702 4314 amplius
716 4235 898 4296 colebantur.
915 4232 1051 4297 Studiose
1065 4230 1223 4294 servaban·

259 4340 308 4387 tur
325 4344 484 4405 corporum
498 4327 649 4406 reliquiae,
662 4326 877 4388 condiebantur
895 4327 1098 4401 aromatibus,
1121 4323 1221 4388 sericis

257 4419 354 4505 palliis
365 4418 615 4493 involvebantur,
630 4417 712 4484 llillae
727 4418 872 4504 sanguinis
884 4422 934 4485 vel
951 4421 1080 4486 minimas
1094 4418 1220 4501 collige-

1114 4511 1227 4578 bantus
