2556 5040
284 539 639 614 trtstotttctls
687 535 893 607 MAIOR:
1035 539 1108 630 trs,

130 660 194 733 bitu
211 660 319 728 Saudo
332 662 387 748 [a].
398 663 470 725 Nou
492 659 570 743 qudd
588 675 645 720 nos
665 653 751 718 Deus
764 655 880 719 liberos
900 675 964 721 non
977 656 1108 726 eredriri

136 756 387 843 proposueritque
400 756 430 816 in
443 755 508 838 lege
523 755 614 815 viram
632 768 668 812 ac
687 765 838 823 mortem,
857 769 891 812 ut
913 754 1005 815 viram
1018 753 1108 836 elige,

132 871 199 915 mus
209 873 219 923 3
228 850 274 912 sed
290 848 369 929 qudd
381 846 457 910 aded
467 867 519 930 per
531 860 683 930 peccatum
696 843 847 906 debilitata
857 847 996 909 voluntas
1007 845 1107 912 nostra

134 943 189 1015 srt,
203 963 234 1003 ut
249 943 336 1004 nobis
349 941 443 1003 relidi
460 941 569 1002 malum
585 937 698 1020 semper
717 936 880 1019 eligamus,
892 959 948 1003 nec
960 941 995 1003 ad
1015 941 1108 1009 berres

132 1030 1107 1115 faciendumliberisrmus,n'rsinosliberaveritueritas,quiChris·¹

135 1147 185 1190 tus
201 1127 241 1188 en
258 1125 311 1214 [b].
327 1127 444 1190 Bonum
462 1127 599 1187 novimus
622 1123 777 1185 rationisi
794 1121 866 1184 Deo
877 1126 978 1188 inditae
996 1127 1106 1190 lumine

133 1221 168 1282 dr
184 1220 249 1303 lege
265 1219 355 1282 dara:
376 1239 405 1281 at
430 1221 555 1301 implere
579 1235 640 1279 non
658 1217 811 1289 valemus,
833 1215 849 1277 d
868 1218 1106 1301 eoncupiscentia

136 1313 283 1397 perpetud
294 1313 331 1375 ad
350 1314 453 1375 malum
471 1312 553 1395 quod
574 1312 741 1370 damnamus
754 1307 867 1370 abdunt
880 1310 929 1396 [ru]
943 1309 1106 1395 Concupis-

136 1409 234 1468 centia
255 1405 348 1489 porrd
364 1407 413 1466 illa
425 1425 510 1469 amor
529 1400 672 1466 nonrlelt
685 1403 766 1463 nullo
780 1400 839 1464 Dei
856 1405 985 1487 rel'pediu
996 1450 1006 1480 ,
1017 1406 1047 1468 81
1064 1402 1102 1468 ad

139 1499 270 1561 sensuum
283 1499 451 1579 voluptates
469 1495 627 1580 propensio
637 1540 647 1570 ,
659 1494 718 1575 qun
737 1493 769 1556 fit
781 1512 814 1557 ut
823 1499 957 1582 corporis
966 1516 1103 1561 commo·

137 1593 209 1654 dum
222 1595 328 1653 animm
345 1593 428 1652 bono
443 1607 659 1675 praeponamus.
672 1588 751 1649 Hinc
761 1590 851 1650 animi
867 1592 1103 1672 perturbationes

137 1686 277 1747 oriuntur
292 1687 444 1764 ,impurus
460 1705 564 1757 amor,
585 1683 685 1745 odium
705 1725 714 1752 ,
739 1680 782 1743 ira
800 1728 809 1756 ,
834 1702 953 1758 merus,
972 1681 1106 1760 tristitia,¹

140 1780 294 1860 gandium:
308 1779 414 1860 quibus
426 1778 461 1837 ad
480 1777 580 1839 omnia
595 1791 714 1858 peccata
726 1773 901 1858 impellimur
917 1775 983 1838 citm
997 1776 1106 1840 rationi

137 1872 309 1954 praevalent.
330 1869 496 1932 Praevalenr
519 1888 619 1932 autem
641 1866 782 1948 semper,
808 1867 874 1931 clrm
897 1887 936 1931 eo
955 1889 1106 1952 corrupta

137 1982 252 2026 naturae
275 1963 366 2036 siaiu,
392 1982 454 2045 quo
474 1964 533 2024 nati
553 1962 677 2031 sumus,
709 1979 923 2040 permanemus.
951 1961 1108 2042 Quamdiit

135 2059 216 2117 enim
233 2058 304 2117 tales
318 2054 412 2118 sumus
427 2057 529 2130 ,nullo
541 2057 602 2117 alio
615 2050 752 2115 delesiari
765 2051 914 2136 possumus
925 2058 1010 2136 quim
1026 2054 1108 2137 quod
1217 2104 1219 2107 -

137 2146 264 2211 sensibus
277 2150 440 2223 blanditur,
455 2148 640 2232 proprioque
653 2146 749 2206 amori
765 2151 913 2229 congruit.
929 2149 998 2210 ldeb
1011 2148 1107 2211 veteri

137 2241 251 2303 bomini
270 2243 456 2303 moriendum
474 2243 503 2303 dr
522 2243 552 2302 in
572 2236 692 2304 Christo
708 2238 940 2314 renascendum,
958 2238 1108 2321 juslisicati

140 2336 230 2416 gratis
242 2355 293 2417 per
304 2337 426 2418 gratiam
443 2333 530 2415 ipsius
540 2379 550 2409 ,
562 2352 595 2396 ut
604 2333 664 2396 Dei
683 2329 841 2395 dilediione
854 2334 883 2394 id
900 2333 997 2397 facere
1011 2337 1109 2398 delec-

136 2429 285 2508 tet,quod
302 2428 364 2504 ejus
386 2427 536 2489 voluntati
552 2426 713 2505 lumimque
730 2443 862 2508 acceptae
877 2425 965 2490 abeo
983 2427 1108 2500 rationis¹

141 2519 292 2582 consentis
303 2518 358 2604 [d].

177 2649 225 2712 (n)
243 2668 268 2701 2.
282 2651 405 2706 Cor.e.3.
422 2665 447 2702 n.
460 2661 481 2709 ς.
505 2664 527 2700 1.
546 2647 601 2698 Cor.
614 2664 635 2699 c.
651 2663 726 2700 11.ν.
741 2665 762 2712 1.
782 2664 807 2702 t.
826 2646 904 2700 Eeeli.
924 2663 947 2703 c.
967 2667 1007 2714 1ς.
1022 2669 1046 2703 n.
1066 2660 1110 2711 ¹⁴⁸⁸

137 2714 213 2769 Dent.
226 2735 247 2765 e.
264 2733 302 2779 30.
317 2733 339 2765 ν.
357 2729 395 2774 rt.
415 2733 436 2767 ν.
460 2731 498 2777 ¹9·
536 2718 573 2780 (b)
589 2719 681 2767 loann.
703 2735 725 2770 e.
748 2723 772 2769 8.
785 2735 809 2767 ν.
824 2731 864 2773 ts.
897 2723 936 2781 (c)
958 2720 1065 2778 Rome.
1081 2729 1109 2782 7·

140 2797 166 2838 ν.
184 2798 202 2839 1.
224 2786 269 2841 bc.
303 2785 344 2849 (rs)
362 2786 472 2839 nume.
489 2803 513 2851 ς.
531 2803 554 2837 ν.
574 2801 615 2849 ²4·
637 2790 662 2838 S.
682 2791 736 2854 Aug
755 2785 893 2854 despiritu
907 2787 929 2842 ἃ
944 2788 997 2843 Lis.

397 2930 841 2993 TESTIMONIA.

171 3050 240 3103 Sient
256 3053 345 3118 palmes
363 3065 410 3102 non
427 3051 504 3118 potest
523 3050 604 3101 lacere
622 3049 748 3100 sruslumi
767 3048 912 3116 semetipso,
930 3047 1110 3102 assumserit

140 3111 228 3168 invite
245 3133 253 3167 :
271 3117 302 3166 sse
314 3134 359 3167 nec
379 3134 423 3169 vos
441 3116 483 3168 nisi
500 3119 524 3168 in
539 3133 578 3167 me
596 3116 748 3168 manseritis:
761 3114 924 3182 quiasiueme
937 3117 996 3166 nibil
1010 3115 1109 3183 potestis

138 3183 232 3233 latere.
250 3180 322 3232 seen.
337 3201 358 3232 r.
374 3198 411 3246 ¹5·
429 3201 453 3231 e.
471 3202 496 3247 4.
516 3201 538 3247 5.

173 3246 297 3297 Fiduciam
315 3251 386 3296 talem
406 3247 522 3296 habemns
540 3260 584 3312 per
598 3245 717 3297 Clieilium
733 3245 763 3295 ad
781 3244 863 3295 Deum
875 3262 884 3295 t
894 3262 943 3295 non
960 3245 1026 3311 qnbd
1038 3241 1110 3295 suffi-

137 3312 232 3361 cientes
246 3310 315 3361 simus
325 3313 434 3377 cogitare
447 3312 536 3376 aliquid
549 3317 562 3359 i
576 3312 664 3423 tropis,
680 3308 744 3376 qnasi
761 3328 793 3360 ex
809 3311 898 3362 nobis:
912 3310 955 3360 sed
966 3308 1109 3363 sufficienda

141 3375 334 3426 uoslrauDeo
350 3375 393 3425 ell.
410 3392 435 3424 2.
453 3377 505 3426 cor.
523 3393 545 3425 r.
562 3391 585 3441 3.
617 3391 664 3435 .4.
684 3391 705 3438 ς.

176 3439 238 3504 Quis
251 3445 314 3490 enim
330 3452 355 3490 te
366 3440 500 3491 discernit?
519 3441 576 3505 quid
594 3452 675 3489 autem
692 3440 765 3489 habes
782 3439 847 3504 quod
866 3456 914 3490 nnn
932 3437 1064 3506 recepisti?
1082 3437 1111 3493 Si

140 3520 222 3555 eutem
234 3505 361 3570 accepisti,
379 3506 435 3571 quid
446 3507 557 3573 gloriaris
570 3541 576 3562 ,
595 3504 657 3571 quast
668 3521 716 3554 uon
726 3505 875 3567 acceperis?
892 3521 913 3554 1.
929 3508 984 3554 Cor.
999 3525 1025 3570 4.
1042 3523 1067 3554 r.
1081 3521 1111 3571 73

174 3571 242 3620 Deus
257 3573 286 3619 ab
300 3571 370 3620 initio
386 3572 506 3621 constituit
516 3571 660 3627 hominem,
682 3570 706 3620 dt
724 3571 825 3634 reliquit
835 3573 899 3619 illum
914 3571 938 3619 in
955 3587 1027 3620 manu
1042 3587 1107 3621 eon·

139 3633 183 3686 dlii
200 3635 241 3684 sni.
259 3636 353 3699 Adjecit
371 3639 480 3686 mindata
497 3636 522 3685 dt
540 3649 662 3701 precepta
679 3636 719 3684 sua
736 3651 745 3683 .·
764 3634 788 3683 Si
809 3639 915 3686 volueris
929 3635 1039 3686 mandata
1057 3636 1111 3697 serq

139 3716 214 3759 vare,
232 3701 411 3750 conservabunt
426 3715 459 3751 te.
479 3699 554 3751 Eceli.
569 3719 591 3750 e.
605 3717 643 3764 ¹5·
656 3719 678 3749 ν.
697 3716 736 3761 ¹⁴·
753 3714 790 3753 11.
807 3703 846 3750 16.

176 3765 227 3814 Lex
244 3767 338 3830 quidem
355 3766 448 3825 lensia,
467 3766 492 3816 dt
510 3766 646 3816 mandatum
658 3763 743 3830 julium
756 3763 780 3813 dt
792 3765 891 3814 bonum.
909 3763 961 3814 Lex
976 3763 1108 3829 spiritualis

137 3828 188 3886 esl.
203 3847 249 3895 ego
259 3846 337 3879 autem
348 3835 447 3883 carnalis
457 3831 507 3881 sum
517 3832 675 3882 venumdatus
686 3830 728 3879 sub
740 3845 852 3894 peceato.
865 3831 950 3880 lnsrbx
960 3846 1007 3896 ego
1017 3832 1108 3889 bomo.

159 3895 193 3942 nis
214 3911 251 3943 me
271 3896 382 3945 liberabit
401 3897 431 3945 de
456 3913 562 3959 corpore
581 3899 665 3946 mortis
684 3892 774 3960 huius?
792 3910 869 3962 grana
890 3896 939 3945 Dei
961 3912 1005 3962 per
1023 3895 1108 3947 Jesun

168 3961 260 4007 hristum
281 3963 412 4009 llomrnum
430 3962 541 4012 nostrum.
559 3961 628 4012 Rom.
645 3979 666 4011 e.
683 3978 708 4024 7.
726 3979 750 4008 ν.
775 3975 813 4010 rs.
829 3977 868 4022 14.
887 3977 927 4022 24.

172 4023 245 4088 Quod
263 4039 342 4072 narum
355 4027 387 4074 eil
404 4043 435 4076 ex
451 4043 543 4084 carre,
561 4044 619 4077 erro
632 4027 683 4083 eli,
705 4027 729 4076 dt
747 4029 810 4089 quus
822 4041 903 4075 natum
915 4026 945 4075 esl
958 4042 987 4075 et
1006 4024 1105 4089 spiritu,

138 4087 238 4207 spirutus
257 4090 297 4138 eil.
317 4093 373 4206 Npu
394 4093 489 4144 mireris
505 4095 561 4160 quia
582 4093 631 4146 dui
649 4093 712 4144 tibi:
734 4090 844 4156 Oportet
862 4107 907 4144 τοι
931 4093 998 4144 miei
1013 4091 1109 4150 deaut.

160 4171 327 4223 numum·
360 4173 407 4221 07.
